%% LaTeX2e file `net.bib'
%% generated by the `filecontents' environment
%% from source `net' on 2018/12/21.
%%
@misc{nat,
	author = {en.wikipedia.org},
	title = {Network address translation},
	year = 2018,
	month = 7,
	howpublished = {https://en.wikipedia.org/wiki/Network\_address\_translation},
}

@book{kurose2013computer,
  title={Computer Networking: A Top-down Approach},
  author={Kurose, J.F. and Ross, K.W.},
  isbn=9780132856201,
  lccn=2011048215,
  series={Always learning},
  url={https://cs6.swfu.edu.cn/calibre/get/PDF/27/calibre},
  year=2013,
  publisher={Pearson}
}
@book{fall2011tcp,
  title={TCP/IP Illustrated, Volume 1: The Protocols},
  author={Fall, K.R. and Stevens, W.R.},
  isbn=9780132808187,
  series={Addison-Wesley Professional Computing Series},
  url={https://cs6.swfu.edu.cn/calibre/get/PDF/32/calibre},
  year=2011,
  publisher={Pearson Education}
}
@book{bautts2005linux,
  title={Linux Network Administrator's Guide},
  author={Bautts, T. and Dawson, T. and Purdy, G.},
  isbn={9780596005481},
  series={O'Reilly Series},
  url={https://books.google.com.hk/books?id=T8V02u2jDP0C},
  year={2005},
  publisher={O'Reilly Media}
}
@book{hunt2002tcp,
  title={TCP/IP Network Administration},
  author={Hunt, C.},
  isbn={9781449390785},
  url={https://books.google.com.hk/books?id=A\_LL2LQASdoC},
  year={2002},
  publisher={O'Reilly Media}
}
@book{hall2009beej,
  title={Beej's Guide to Network Programming: Using Internet Sockets},
  author={Hall, B.},
  url={http://beej.us/guide/bgnet/output/html/singlepage/bgnet.html},
  year={2012}
}
@misc{cohen08specification,
    title = {{The BitTorrent Protocol Specification, Version 11031}},
    author = {Cohen, Bram},
    citeulike-article-id = 4195326,
    day = 10,
    url = {http://www.bittorrent.org/beps/bep\_0003.html},
    keywords = {bittorrent, file-sharing, p2p},
    month = 1,
    posted-at = {2009-03-19 15:42:27},
    priority = 0,
    year = 2008
}

@book{tanenbaum2011computer,
  title={Computer Networks},
  author={Tanenbaum, A.S. and Wetherall, D.},
  isbn=9780132126953,
  lccn=2010034366,
  url={https://cs6.swfu.edu.cn/calibre/get/PDF/29/calibre},
  year=2011,
  edition=5,
  publisher={Pearson Prentice Hall}
}
@misc{web:switch,
author = "Tyson, Jeff",
title = "How LAN Switches Work --- HowStuffWorks.com",
day = 24,
month = 1,
year = 2001,
url = "\url{http://computer.howstuffworks.com/lan-switch.htm}",
note = "[Online; accessed 25 March 2015]"
}

@misc{ web:nat,
author = "Tyson, Jeff",
title = "How Network Address Translation Works --- HowStuffWorks.com",
day = "02",
month = 2,
year = "2001",
url = "\url{http://computer.howstuffworks.com/nat.htm}",
note = "[Online; accessed 26 March 2015]"
}

@misc{ web:vpn,
author = "Tyson, Jeff, and Stephanie Crawford",
title = "How VPNs Work --- HowStuffWorks.com",
day = "14",
month = 4,
year = "2011",
url = "\url{http://computer.howstuffworks.com/vpn.htm}",
note = "[Online; accessed 26 March 2015]"
}

@misc{ web:tb,
author = "Cisco",
title = "Transparent Bridging --- Cisco DocWiki",
day = 16,
month = 10,
year = 2012,
url = "\url{http://docwiki.cisco.com/w/index.php?title=Transparent_Bridging&oldid=49091}",
note = "[Online; accessed 25 March 2015]"
}
