@Book{		  abhishek2002memory,
  Author	= {Abhishek Nayani and Mel Gorman and Rodrigo S. de Castro},
  Title		= {Memory Management in Linux: Desktop Companion to the Linux
		  Source Code},
  Publisher	= {Free book},
  Year		= 2002
}

@Misc{		  asm-directives,
  Title		= {Assembler directives},
  Author	= {sourceware.org},
  Year		= 2012,
  HowPublished	= {http://sourceware.org/binutils/docs/as/Pseudo-Ops.html}
}

@Book{		  bach1986design,
  Title		= {The design of the UNIX operating system},
  Author	= {Bach, M.J.},
  Series	= {Prentice-Hall software series},
  Year		= 1986,
  Publisher	= {Prentice-Hall}
}

@Book{		  bartlett2009programming,
  Title		= {Programming from the Ground Up},
  Author	= {Bartlett, J.},
  URL		= {http://books.google.com.hk/books?id=E4J8RAAACAAJ},
  Year		= 2009,
  Publisher	= {University Press of Florida}
}

@Misc{		  blogspot:bootprocess,
  Author	= {Unixbhaskar's Blog},
  Title		= {Insight into GNU/Linux boot process},
  Year		= 2010,
  HowPublished	= {http://unixbhaskar.blogspot.com/2010/03/insight-into-gnulinux-boot-process.html},
  Note		= {[Online; accessed 20-Apr-2015]}
}

@Misc{		  blogspot:bootprocess2,
  Author	= {Sudhansu},
  Title		= {Linux Boot Process in a nutshell},
  Year		= 2012,
  HowPublished	= {http://linux-development-for-fresher.blogspot.com/2012/07/linux-boot-process-in-nutshell.html},
  Note		= {[Online; accessed 20-Apr-2015]}
}

@Book{		  bovet2005understanding,
  Title		= {Understanding The Linux Kernel},
  Author	= {Bovet, D.P. and Cesati, M.},
  Year		= 2005,
  Publisher	= {OReilly},
  Edition	= 3
}

@Book{		  bryant2010computersystems,
  Author	= {Bryant, Randal E. and O'Hallaron, David R.},
  Title		= {Computer Systems: A Programmer's Perspective},
  Year		= 2010,
  Edition	= 2,
  Publisher	= {Addison-Wesley},
  Address	= {USA},
  URL		= {https://cs6.swfu.edu.cn/calibre/#book_id=33&library_id=calibre&panel=book_details}
}

@Article{	  card96ext2fs,
  Author	= {Rémy Card and Theodore Ts'o and Stephen Tweedie},
  Title		= {Design and Implementation of the Second Extended
		  Filesystem},
  URL		= {http://www.tldp.org/LDP/khg/HyperNews/get/fs/ext2intro.html},
  Journal	= {Dutch International Symposium on Linux},
  Year		= 1996
}

@Book{		  carter06:_pc_assem_languag,
  Author	= {Paul Carter},
  Title		= {PC Assembly Language},
  Publisher	= {www.drpaulcarter.com},
  Year		= 2006,
  URL		= {http://www.drpaulcarter.com/pcasm/}
}

@Book{	  cooper10bash,
  Title		= {Advanced Bash Scripting Guide 5.3 Volume 1},
  Author	= {Mendel Cooper},
  Year		= 2010,
  Publisher	= {Lulu.com},
  URL		= {https://www.tldp.org/LDP/abs/html/}
}

@Book{		  corbet05ldd,
  Author	= {Jonathan Corbet and Greg Kroah-Hartman and Alessandro
		  Rubini},
  Title		= {Linux Device Drivers},
  Publisher	= {O'Reilly},
  Year		= 2005,
  Edition	= 3,
}

@Book{		  cs241,
  Author	= {B. Venkatesh and L. Angrave and et Al.},
  Title		= {CS241 System Programming Coursebook},
  Year		= 2019,
  Publisher	= {University of Illinois},
  URL		= {http://cs241.cs.illinois.edu/coursebook/index.html}
}

@Book{		  downey2008semaphores,
  Author	= {Allen B. Downey},
  Title		= {The Little Book of Semaphores},
  Publisher	= {greenteapress.com},
  Year		= 2008,
}

@Article{	  drepper2007every,
  Title		= {What every programmer should know about memory},
  Author	= {Drepper, U.},
  Journal	= {Red Hat, Inc},
  Year		= 2007,
  URL		= {http://lwn.net/Articles/250967/}
}

@Misc{		  duarte:cpu-ring,
  Author	= {Gustavo Duarte},
  Title		= {CPU Rings, Privilege, and Protection},
  Year		= 2008,
  HowPublished	= {http://duartes.org/gustavo/blog/post/cpu-rings-privilege-and-protection/},
  Note		= {[Online; accessed 20-Apr-2015]}
}

@Misc{		  duarte:gustavo2008boot,
  Author	= {Gustavo Duarte},
  Title		= {How Computers Boot up},
  HowPublished	= {http://duartes.org/gustavo/blog/post/how-computers-boot-up},
  Year		= 2008
}

@Misc{		  duarte:gustavo2008chipsets,
  Author	= {Gustavo Duarte},
  Title		= {Motherboard Chipsets and the Memory Map},
  HowPublished	= {http://duartes.org/gustavo/blog/post/motherboard-chipsets-memory-map},
  Month		= 6,
  Year		= 2008
}

@Misc{		  duarte:gustavo2008proess,
  Author	= {Gustavo Duarte},
  Title		= {The Kernel Boot Process},
  HowPublished	= {http://duartes.org/gustavo/blog/post/kernel-boot-process},
  Year		= 2008
}

@Misc{		  duarte:mem,
  Author	= {Gustavo Duarte},
  Title		= {Memory Translation and Segmentation},
  Year		= 2008,
  HowPublished	= {http://duartes.org/gustavo/blog/post/memory-translation-and-segmentation/},
  Note		= {[Online; accessed 20-Apr-2015]}
}

@Book{		  erickson2008hacking,
  Title		= {Hacking: the art of exploitation},
  Author	= {Erickson, Jon},
  Year		= 2008,
  Publisher	= {No Starch Press},
}

@Misc{		  freebsd:archbook,
  Author	= {The FreeBSD Documentation Project},
  Title		= {FreeBSD Architecture Handbook},
  Year		= 2013,
  HowPublished	= {http://www.freebsd.org/doc/en/books/arch-handbook/index.html},
  Note		= {[Online; accessed 20-Apr-2015]}
}

@Book{		  gorman2004understanding,
  Title		= {Understanding the Linux Virtual Memory Manager},
  Author	= {Gorman, M.},
  Year		= 2004,
  Publisher	= {Prentice Hall}
}

@Article{	  grover02linkerloader,
  Author	= {Sandeep Grover},
  Title		= {Linkers and Loaders},
  Journal	= {Linux Journal},
  Year		= 2002,
  URL		= {http://www.linuxjournal.com/article/6463}
}

@Misc{		  howto:gcc-inline-asm,
  Title		= {GCC Inline Assembly HOWTO},
  Author	= {ibiblio.org},
  Year		= 2012,
  HowPublished	= {http://www.ibiblio.org/gferg/ldp/GCC-Inline-Assembly-HOWTO.html}
}

@Misc{		  howto:i386bootcode,
  Author	= {Feiyun Wang},
  Title		= {Linux i386 Boot Code HOWTO},
  Year		= 2004,
  HowPublished	= {http://tldp.org/HOWTO/Linux-i386-Boot-Code-HOWTO/index.html},
  Note		= {[Online; accessed 20-Apr-2015]}
}

@Misc{		  howto:init,
  Author	= {www.tldp.org},
  Title		= {Linux 2.4.x Initialization for IA-32 HOWTO},
  Year		= 2001,
  HowPublished	= {http://www.tldp.org/HOWTO/Linux-Init-HOWTO.html},
  Note		= {[Online; accessed 20-Apr-2015]}
}

@Book{		  in30days,
  Title		= "30天自制操作系统",
  Author	= "川合秀实",
  Year		= 2012,
  Publisher	= "人民邮电出版社"
}

@Misc{		  intel86,
  Author	= {Intel},
  Title		= {INTEL 80386 Programmer's Reference Manual},
  Year		= 1986,
  HowPublished	= {http://pdos.csail.mit.edu/6.828/2004/readings/i386/toc.htm}
}

@TechReport{	  iso:c99,
  Abstract	= {This is the "combined C99 + TC1 + TC2, WG14 N1124, dated
		  2005-05-06. This is a WG14 working paper, but it reflects
		  the consolidated standard at the time of issue."},
  added-at	= {2007-02-10T16:23:05.000+0100},
  Author	= {ISO},
  biburl	= {http://www.bibsonomy.org/bibtex/22923115ad6638e5e63eda4ac81370a76/mobileink},
  description	= {C Language ISO 1999},
  Editor	= {WG14},
  Institution	= {ISO},
  interhash	= {fd8756a3957faf0ec6a78712ab07b4d7},
  intrahash	= {2923115ad6638e5e63eda4ac81370a76},
  Keywords	= {c c99 iso standard},
  Note		= {ISO/IEC 9899:1999 draft},
  timestamp	= {2007-08-28T18:07:21.000+0200},
  Title		= {ISO C Standard 1999},
  URL		= {http://www.open-std.org/jtc1/sc22/wg14/www/docs/n1124.pdf},
  Year		= 1999
}

@Book{		  jeff16assembly,
  Title		= "Assembly Language Step-by-Step Assembly Language
		  Step-by-Step Programming with Linux{\textregistered} Third
		  Edition",
  Author	= "Jeff Duntemann",
  Year		= 2016,
  Publisher	= {Wiley},
  Language	= "en",
}

@Misc{		  kernelnewbies:faq/a70,
  Author	= {kernelnewbies.org},
  Title		= {FAQ/asmlinkage},
  HowPublished	= {http://kernelnewbies.org/FAQ/asmlinkage},
  Year		= 2011,
  Note		= {(Accessed on 2016-06-26)}
}

@Misc{		  kernelnewbies:faq/l72,
  Author	= {kernelnewbies.org},
  Title		= {FAQ/LinkedLists},
  HowPublished	= {http://kernelnewbies.org/FAQ/LinkedLists},
  Note		= {(Accessed on 2016-06-26)}
}

@Book{		  kernighan2006c,
  Title		= {The C programming language},
  Author	= {Kernighan, Brian W and Ritchie, Dennis M},
  Year		= 2006,
  Publisher	= {Prentice Hall}
}

@Book{		  kerrisk:2010:lpi:1869911,
  Author	= {Kerrisk, Michael},
  Title		= {The Linux Programming Interface: A Linux and UNIX System
		  Programming Handbook},
  Year		= 2010,
  URL		= {https://cs6.swfu.edu.cn/calibre/get/PDF/166/calibre},
  Publisher	= {No Starch Press}
}

@Book{		  king2008c,
  Title		= {C programming: a modern approach},
  Author	= {King, Kim N},
  Year		= 2008,
  Publisher	= {WW Norton \& Company}
}

@Book{		  king2010c,
  Title		= {C Programming: A Modern Approach, 2nd Edition},
  Author	= {King, K.N.},
  ISBN		= 9780393979503,
  lccn		= 2007049425,
  URL		= {https://books.google.com.hk/books?id=vrbzAgAAQBAJ},
  Year		= 2010,
  Publisher	= {W.W. Norton}
}

@Book{		  kroah-hartman:1053063,
  Author	= "Kroah-Hartman, Greg",
  Title		= "{Linux Kernel in a Nutshell: A Desktop Quick Reference}",
  Publisher	= "O'Reilly",
  Year		= 2007,
  URL		= "http://www.kroah.com/lkn/"
}

@Book{		  levine2000linkers,
  Title		= {Linkers and Loaders},
  Author	= {Levine, J.R.},
  ISBN		= 9781558604964,
  lccn		= 99047127,
  Series	= {Operating Systems Series},
  Year		= 2000,
  Publisher	= {Morgan Kaufmann}
}

@Misc{		  linux2.6.11protocol,
  Author	= {Kernel source},
  Title		= {The Linux Boot Protocol},
  Year		= 2005,
  HowPublished	= {http://lxr.linux.no/linux+v2.6.11/Documentation/i386/boot.txt}
}

@Misc{		  linux2.6.25protocol,
  Author	= {Kernel source},
  Title		= {The Linux Boot Protocol},
  Year		= 2008,
  HowPublished	= {http://lxr.linux.no/linux+v2.6.25.6/Documentation/i386/boot.txt}
}

@Misc{		  linuxjournal:process,
  Author	= {Moshe Bar},
  Title		= {The Linux Process Model},
  Year		= 2000,
  HowPublished	= {\url{http://www.linuxjournal.com/article/3814\#navigation}},
  Note		= {[Online; accessed 20-Apr-2015]}
}

@Book{		  linuxkernelart13,
  Author	= "新设计团队",
  Title		= "Linux内核设计的艺术",
  Publisher	= "机械工业出版社",
  Year		= 2013,
  Month		= 5
}

@Misc{		  linuxmm,
  Author	= {LinuxMM},
  Title		= {Linux Memory Management},
  HowPublished	= {http://linux-mm.org/},
  Month		= 6,
  Year		= 2010
}

@Misc{		  linuxmm:highmemory,
  Author	= {linux-mm.org},
  Title		= {HighMemory},
  Year		= 2006,
  HowPublished	= {http://linux-mm.org/HighMemory},
  Note		= {[Online; accessed 20-Apr-2015]}
}

@Misc{		  linuxq:kstack,
  Author	= {www.linuxquestions.org},
  Title		= {Kernel Stack Initialization},
  Year		= 2011,
  HowPublished	= {http://www.linuxquestions.org/questions/linux-kernel-70/kernel-stack-initialization-894413/},
  Note		= {[Online; accessed 20-Apr-2015]}
}

@Misc{		  linuxreport2012,
  Author	= {The Linux Foundation},
  Title		= {Linux Kernel Development Report 2012},
  HowPublished	= {http://go.linuxfoundation.org/who-writes-linux-2012},
  Year		= 2012
}

@Misc{		  linuxvm,
  Author	= {Joe Knapka},
  Title		= {Linux Virtual Memory Subsystem},
  HowPublished	= {http://www.kneuro.net/linux-mm/index.php?file=vminit.html},
  Month		= 1,
  Year		= 2006
}

@Book{		  lions77unix6,
  Author	= {Lions, J.},
  Title		= {A COMMENTARY ON THE SIXTH EDITION UNIX OPERATING SYSTEM},
  Publisher	= {The university of New South Wales},
  Year		= 1977
}

@Book{		  love2007linux,
  Title		= {Linux System Programming: Talking Directly to the Kernel
		  and C Library},
  Author	= {Love, R.},
  ISBN		= 9780596009588,
  lccn		= 2009277545,
  Series	= {Oreilly Series},
  edition   = 2,
  URL		= {https://cs6.swfu.edu.cn/calibre/#book_id=13&library_id=calibre&panel=book_details},
  Year		= 2007,
  Publisher	= {O'Reilly Media}
}

@Book{		  love2010linux,
  Title		= {Linux Kernel Development},
  Author	= {Love, R.},
  Series	= {Developer's Library},
  Year		= 2010,
  Publisher	= {Addison-Wesley}
}

@Book{		  love:2007:lsp:1205435,
  Author	= {Love, Robert},
  Title		= {Linux System Programming: Talking Directly to the Kernel
		  and C Library},
  Year		= 2007,
  Publisher	= {O'Reilly Media, Inc.}
}

@Book{		  matthew2008beginning,
  Title		= {Beginning linux programming},
  Author	= {Matthew, Neil and Stones, Richard},
  Year		= 2008,
  Publisher	= {John Wiley \& Sons},
  url={https://cs6.swfu.edu.cn/calibre/get/PDF/39/calibre},
}

@Book{		  mauerer2008professional,
  Title		= {Professional Linux Kernel Architecture},
  Author	= {Mauerer, W.},
  Year		= 2008,
  Publisher	= {John Wiley \& Sons}
}

@Book{		  neveln2000linux,
  Title		= {LINUX Assembly Language Programming},
  Author	= {Neveln, B.},
  ISBN		= 9780130879400,
  lccn		= 00056667,
  Series	= {Open source technology series},
  Year		= 2000,
  Publisher	= {Prentice Hall PTR}
}

@Misc{		  newbies:kernelstart,
  Author	= {lists.kernelnewbies.org},
  Title		= {From which point onwards the kernel execution starts?},
  Year		= 2011,
  HowPublished	= {http://lists.kernelnewbies.org/pipermail/kernelnewbies/2011-March/001133.html},
  Note		= {[Online; accessed 20-Apr-2015]}
}

@Misc{		  osdev:descriptor-cache,
  Author	= {wiki.osdev.org},
  Title		= {Descriptor Cache},
  Year		= 2009,
  HowPublished	= {http://wiki.osdev.org/Descriptor\_Cache},
  Note		= {[Online; accessed 20-Apr-2015]}
}

@Misc{		  osdev:elf,
  Author	= {OSDev},
  Title		= {ELF},
  Year		= 2012,
  HowPublished	= {http://wiki.osdev.org/ELF}
}

@Misc{		  osdev:gdt,
  Author	= {OSDev},
  Title		= {Global Descriptor Table},
  HowPublished	= {http://wiki.osdev.org/Global\_Descriptor\_Table},
  Month		= 3,
  Year		= 2012
}

@Misc{		  osdev:realmode,
  Author	= {wiki.osdev.org},
  Title		= {Real Mode},
  Year		= 2014,
  HowPublished	= {http://wiki.osdev.org/Real\_Mode},
  Note		= {[Online; accessed 20-Apr-2015]}
}

@Misc{		  osdev:realmode2,
  Author	= {files.osdev.org},
  Title		= {Segment Registers: Real mode vs. Protected mode},
  HowPublished	= {http://files.osdev.org/mirrors/geezer/johnfine/segments.htm},
  Note		= {[Online; accessed 20-Apr-2015]}
}

@Misc{		  osdev:unrealmode,
  Author	= {wiki.osdev.org},
  Title		= {Unreal Mode},
  Year		= 2014,
  HowPublished	= {http://wiki.osdev.org/Unreal\_Mode},
  Note		= {[Online; accessed 20-Apr-2015]}
}

@Misc{		  osdev:unrealmode2,
  Author	= {forum.osdev.org},
  Title		= {Unreal mode},
  Year		= 2009,
  HowPublished	= {http://forum.osdev.org/viewtopic.php?f=1\&t=21179\&start=15},
  Note		= {[Online; accessed 20-Apr-2015]}
}

@Misc{		  pete2011booting1,
  Author	= {Pete Dice},
  Title		= {Booting an Intel Architecture System, Part I: Early
		  Initialization},
  HowPublished	= {http://www.drdobbs.com/go-parallel/article/parallel/232300699},
  Month		= 12,
  Year		= 2011
}

@Book{		  poirier11ext2,
  Author	= {Dave Poirier},
  Title		= {The Second Extended File System Internal Layout},
  Publisher	= {Web},
  Year		= 2011,
  URL		= {http://www.nongnu.org/ext2-doc/ext2.html}
}

@Misc{		  quora:array,
  Author	= {Quora},
  Title		= {What is the advantage of using zero-length arrays in C?},
  Year		= 2012,
  HowPublished	= {http://www.quora.com/What-is-the-advantage-of-using-zero-length-arrays-in-C},
  Note		= {[Online; accessed 20-Apr-2015]}
}

@Book{		  raymond2003art,
  Title		= {The art of Unix programming},
  Author	= {Raymond, Eric S},
  Year		= 2003,
  URL		= {https://cs6.swfu.edu.cn/calibre/#book_id=15&library_id=calibre&panel=book_details},
  Publisher	= {Addison-Wesley}
}

@Book{		  reek1997pointers,
  Title		= {Pointers on C},
  Author	= {Reek, Kenneth A},
  Year		= 1997,
  Publisher	= {Addison-Wesley}
}

@Book{		  rodriguez2005linux,
  Title		= {The Linux kernel primer: a top-down approach for x86 and
		  PowerPC architectures},
  Author	= {Rodriguez, C.S. and Fischer, G. and Smolski, S.},
  Year		= 2005,
  Publisher	= {Prentice Hall Professional Technical Reference}
}

@Book{		  rusling99tlk,
  Author	= {David A Rusling},
  Title		= {The Linux Kernel},
  Publisher	= {Linux Documentation Project},
  Year		= 1999,
  URL		= {http://www.tldp.org/LDP/tlk/fs/filesystem.html}
}

@Book{		  salomon1992assemblers,
  Title		= {Assemblers and loaders},
  Author	= {Salomon, D.},
  lccn		= {lc92028178},
  Series	= {Computers and their applications},
  Year		= 1992,
  Publisher	= {Ellis Horwood}
}

@Book{		  salzman07kernel,
  Author	= {Peter Jay Salzman and Michael Burian and Ori Pomerantz},
  Title		= {The Linux Kernel Module Programming Guide},
  Publisher	= {tldp.org},
  Year		= 2007,
  Edition	= {2.6.4},
  URL		= {http://tldp.org/LDP/lkmpg/2.6/html/}
}

@Book{		  silberschatz10java,
  Author	= {Silberschatz and Galvin and Gagne},
  Title		= {Operating System Concepts With Java},
  Publisher	= {John Wiley \& Sons},
  Year		= 2010,
  Edition	= 8,
}

@Book{		  silberschatz13essentials,
  Author	= {Silberschatz and Galvin and Gagne},
  Title		= {Operating System Concepts Essentials},
  Publisher	= {John Wiley \& Sons},
  Year		= 2013,
  url={https://cs6.swfu.edu.cn/calibre/get/PDF/1/calibre},
  Edition	= 2,
}

@Misc{		  stack:gcc-gen-asm,
  Title		= {Understanding gcc generated assembly},
  Author	= {Stackoverflow},
  Year		= 2012,
  HowPublished	= {http://stackoverflow.com/questions/8478491/understanding-base-pointer-and-stack-pointers-in-context-with-gcc-output}
}

@Misc{		  stack:kernelstack,
  Author	= {stackoverflow},
  Title		= {Does there exist Kernel stack for each process ?},
  Year		= 2011,
  HowPublished	= {http://stackoverflow.com/questions/6083236/does-there-exist-kernel-stack-for-each-process},
  Note		= {[Online; accessed 20-Apr-2015]}
}

@Misc{		  stack:kernelstack2,
  Author	= {stackoverflow},
  Title		= {kernel stack for linux process},
  Year		= 2009,
  HowPublished	= {http://stackoverflow.com/questions/886807/kernel-stack-for-linux-process},
  Note		= {[Online; accessed 20-Apr-2015]}
}

@Misc{		  stack:kernelstack3,
  Author	= {stackoverflow},
  Title		= {kernel stack vs user-mode application stack},
  Year		= 2009,
  HowPublished	= {http://stackoverflow.com/questions/1974612/kernel-stack-vs-user-mode-application-stack},
  Note		= {[Online; accessed 20-Apr-2015]}
}

@Misc{		  stack:kstack,
  Author	= {stackoverflow},
  Title		= {Understanding the getting of task\_struct pointer from
		  process kernel stack},
  Year		= 2012,
  HowPublished	= {http://stackoverflow.com/questions/11961490/understanding-the-getting-of-task-struct-pointer-from-process-kernel-stack},
  Note		= {[Online; accessed 20-Apr-2015]}
}

@Misc{		  stack:stos,
  Author	= {stackoverflow},
  Title		= {What does \texttt{rep stos} do?},
  Year		= 2010,
  HowPublished	= {http://stackoverflow.com/questions/3818856/what-does-this-assembly-do},
  Note		= {[Online; accessed 20-Apr-2015]}
}

@Misc{		  stackoverflow:c-lin84,
  Author	= {stackoverflow},
  Title		= {LIST\_HEAD\_INIT vs INIT\_LIST\_HEAD},
  HowPublished	= {http://stackoverflow.com/questions/10262017/linux-kernel-list-list-head-init-vs-init-list-head},
  Note		= {(Accessed on 2016-06-26)}
}

@Book{		  stallings11os,
  Author	= {Wiliam Stallings},
  Title		= {Operating Systems: Internals and Design Principles},
  Publisher	= {Prentice Hall},
  Year		= 2011,
  Edition	= 7,
}

@Book{		  stevens2013advanced,
  Title		= {Advanced programming in the UNIX environment},
  Author	= {Stevens, W Richard and Rago, Stephen A},
  Year		= 2013,
  URL		= {https://cs6.swfu.edu.cn/calibre/#book_id=145&library_id=calibre&panel=book_details},
  Publisher	= {Addison-Wesley}
}

@book{tanenbaum2011operating,
  title={Operating Systems Design and Implementation},
  author={Tanenbaum, A.S. and Woodhull, A.S.},
  isbn=9780133002058,
  url={https://cs6.swfu.edu.cn/calibre/get/PDF/175/calibre},
  year=2011,
  publisher={Pearson Education}
}

@Book{		  tanenbaum2015modern,
  Author	= {Tanenbaum, Andrew S.},
  Title		= {Modern Operating Systems},
  Year		= 2015,
  Edition	= 4,
  url={https://cs6.swfu.edu.cn/calibre/get/PDF/4/calibre},
  Publisher	= {Prentice Hall Press}
}

@Article{	  thompson78uniximplementation,
  Author	= {K. Thompson},
  Title		= {Unix Implementation},
  Journal	= {Bell System Technical Journal},
  Year		= 1978,
  Volume	= 57,
  Pages		= {1931--1946}
}

@Misc{		  tigran2002lki,
  Author	= {Tigran Aivazian},
  Title		= {Linux Kernel 2.4 Internals},
  HowPublished	= {http://tldp.org/LDP/lki/lki-1.html},
  Year		= 2002
}

@Misc{		  ubuntuforums:linkl47,
  Author	= {ubuntuforums.org},
  Title		= {link list implementation in linux kernel},
  HowPublished	= {http://ubuntuforums.org/archive/index.php/t-1591281.html},
  Note		= {(Accessed on 2016-06-26)}
}

@Misc{		  unix:kstack,
  Author	= {UNIX for Dummies Questions \& Answers},
  Title		= {Kernel Stack vs User Mode Stack},
  Year		= 2012,
  HowPublished	= {http://www.unix.com/unix-for-dummies-questions-and-answers/174134-kernel-stack-vs-user-mode-stack.html},
  Note		= {[Online; accessed 20-Apr-2015]}
}

@Article{	  unknown10-understandingmemory,
  Author	= {Research Computing Support Group},
  Title		= {Understanding Memory},
  Journal	= {University of Alberta},
  Year		= 2010,
  URL		= {http://www.ualberta.ca/CNS/RESEARCH/LinuxClusters/mem.html},
  Note		= {http://cluster.srv.ualberta.ca/doc/}
}

@Book{		  waite1987c,
  Title		= {C primer plus},
  Author	= {Waite, Mitchell and Prata, Stephen and Martin, Donald},
  Year		= 1987,
  Publisher	= {Sams}
}

@Misc{		  wang2004i386boot,
  Author	= {Feiyun Wang},
  Title		= {Linux i386 Boot Code HOWTO},
  HowPublished	= {http://tldp.org/HOWTO/Linux-i386-Boot-Code-HOWTO/index.html},
  Year		= 2004
}

@Book{		  wangshuang03,
  Author	= {王爽},
  Title		= {汇编语言},
  Publisher	= {清华大学出版社},
  Year		= 2003
}

@Misc{		  web:array-linkedlist,
  Author	= {stackoverflow},
  Title		= {Array versus linked-list},
  Year		= 2014,
  HowPublished	= {http://stackoverflow.com/questions/166884/array-versus-linked-list},
  Note		= "[Online; accessed 19-Apr-2015]"
}

@Misc{		  web:bios-rom,
  Author	= {stackoverflow},
  Title		= {How is the BIOS ROM mapped into address space on PC?},
  Year		= 2011,
  HowPublished	= {http://stackoverflow.com/questions/7804724/how-is-the-bios-rom-mapped-into-address-space-on-pc},
  Note		= {[Online; accessed 20-Apr-2015]}
}

@Misc{		  web:bios-rom2,
  Author	= {stackoverflow},
  Title		= {Do normal x86 or AMD PCs run startup/BIOS code directly
		  from ROM, or do they copy it first to RAM?},
  Year		= 2011,
  HowPublished	= {http://stackoverflow.com/questions/5300527/do-normal-x86-or-amd-pcs-run-startup-bios-code-directly-from-rom-or-do-they-cop},
  Note		= {[Online; accessed 20-Apr-2015]}
}

@Misc{		  web:boot-cpu,
  Author	= {lateblt.tripod.com},
  Title		= {What Happens When A CPU Starts},
  HowPublished	= {http://lateblt.tripod.com/bit68.txt},
  Note		= {[Online; accessed 20-Apr-2015]}
}

@Misc{		  web:boot-seq,
  Author	= {www.pcguide.com},
  Title		= {System Boot Sequence},
  Year		= 2001,
  HowPublished	= {http://www.pcguide.com/ref/mbsys/bios/bootSequence-c.html},
  Note		= {[Online; accessed 20-Apr-2015]}
}

@Misc{		  web:containerof,
  Author	= {kernelnewbies.org},
  Title		= {FAQ/ContainerOf},
  Year		= 2006,
  HowPublished	= {http://kernelnewbies.org/FAQ/ContainerOf},
  Note		= "[Online; accessed 19-Apr-2015]"
}

@Misc{		  web:datas13,
  Author	= {John Morris},
  Title		= {Data Structures and Algorithms: Red-Black Trees},
  HowPublished	= {https://www.cs.auckland.ac.nz/\char`~jmor159/PLDS210/red\_black.html},
  Year		= 1998,
  Note		= {(Accessed on 2016-06-26)}
}

@Book{		  web:debianhandbook,
  Author	= {Raphaël Hertzog and Roland Mas},
  Title		= {The Debian Administrator's Handbook},
  Publisher	= {Freexian SARL},
  URL		= {https://debian-handbook.info/},
  Month		= 10,
  Year		= 2015
}

@Book{		  web:debkernelhandbook,
  Author	= {The Debian Kernel Handbook Project},
  Title		= {Debian Linux Kernel Handbook},
  Publisher	= {Free software Foundation},
  Year		= 2013,
  URL		= {http://kernel-handbook.alioth.debian.org/index.html#contents}
}

@Misc{		  web:dowhile,
  Author	= {ubuntuforums.org},
  Title		= {link list implementation in linux kernel easy question
		  syntax not clear},
  Year		= 2010,
  HowPublished	= {http://ubuntuforums.org/archive/index.php/t-1591281.html},
  Note		= "[Online; accessed 19-Apr-2015]"
}

@Misc{		  web:dowhile2,
  Author	= {stackoverflow},
  Title		= {What's the use of do while(0) when we define a macro?},
  Year		= 2009,
  HowPublished	= {http://stackoverflow.com/questions/923822/whats-the-use-of-do-while0-when-we-define-a-macro},
  Note		= "[Online; accessed 19-Apr-2015]"
}

@Misc{		  web:dowhile3,
  Author	= {stackoverflow},
  Title		= {Do-While and if-else statements in C/C++ macros},
  Year		= 2010,
  HowPublished	= {http://stackoverflow.com/questions/154136/do-while-and-if-else-statements-in-c-c-macros},
  Note		= "[Online; accessed 19-Apr-2015]"
}

@Misc{		  web:ext2analysis,
  Author	= {David Morgan},
  Title		= {Analyzing a filesystem},
  HowPublished	= {http://homepage.smc.edu/morgan\_david/cs40/analyze-ext2.htm},
  Year		= 2012
}

@Misc{		  web:gcc,
  Author	= {gcc.gnu.org},
  Title		= {GCC Manual},
  Year		= 2015,
  HowPublished	= {https://gcc.gnu.org/onlinedocs/gcc/},
  Note		= "[Online; accessed 18-Apr-2015]"
}

@Misc{		  web:ibm-c,
  Author	= {ibm.com},
  Title		= {Designated initializers for aggregate types (C only)},
  Year		= 2015,
  HowPublished	= {http://www-01.ibm.com/support/knowledgecenter/SSXVZZ\_8.0.0/\%5C/com.ibm.xlcpp8l.doc\%5C/language\%5C/ref\%5C/designators.htm},
  Note		= "[Online; accessed 19-Apr-2015]"
}

@Misc{		  web:inline-c,
  Author	= {RJK},
  Title		= {Inline Functions In C},
  HowPublished	= {http://www.greenend.org.uk/rjk/tech/inline.html},
  Note		= "[Online; accessed 19-Apr-2015]"
}

@Misc{		  web:kernel-fp,
  Author	= {stackoverflow},
  Title		= {Use of floating point in the Linux kernel},
  Year		= 2012,
  HowPublished	= {http://stackoverflow.com/questions/13886338/use-of-floating-point-in-the-linux-kernel},
  Note		= "[Online; accessed 19-Apr-2015]"
}

@Misc{		  web:kernel-fp2,
  Author	= {blogspot.com},
  Title		= {Linux Kernel and Floating Point},
  Year		= 2011,
  HowPublished	= {http://porterchen-note.blogspot.com/2011/03/linux-kernel-and-floating-point.html},
  Note		= "[Online; accessed 19-Apr-2015]"
}

@Misc{		  web:kernelctrlpath,
  Author	= {Stackoverflow},
  Title		= {Userspace process preempts kernel thread?},
  Year		= 2011,
  HowPublished	= {http://stackoverflow.com/questions/8453294/userspace-process-preempts-kernel-thread},
  Note		= "[Online; accessed 18-Apr-2015]"
}

@Misc{		  web:klist,
  Author	= {isis.poly.edu},
  Title		= {Linux Kernel Linked List Explained},
  Year		= 2005,
  HowPublished	= {http://isis.poly.edu/kulesh/stuff/src/klist/},
  Note		= "[Online; accessed 19-Apr-2015]"
}

@Misc{		  web:klist2,
  Author	= {blogspot.com},
  Title		= {Linux Kernel: 強大又好用的list\_head結構},
  Year		= 2007,
  HowPublished	= {http://adrianhuang.blogspot.com/2007/10/linux-kernel-listhead.html},
  Note		= "[Online; accessed 18-Apr-2015]"
}

@Misc{		  web:likely,
  Author	= {kernelnewbies.org},
  Title		= {FAQ/LikelyUnlikely},
  Year		= 2006,
  HowPublished	= {http://kernelnewbies.org/FAQ/LikelyUnlikely},
  Note		= "[Online; accessed 19-Apr-2015]"
}

@Misc{		  web:linkedlist,
  Author	= {kernelnewbies.org},
  Title		= {FAQ/LinkedLists},
  Year		= 2014,
  HowPublished	= {http://kernelnewbies.org/FAQ/LinkedLists},
  Note		= "[Online; accessed 19-Apr-2015]"
}

@Misc{		  web:linuxbootloader,
  Author	= {L.C. Benschop},
  Title		= {Linux Boot Loaders Compared},
  Year		= 2003,
  HowPublished	= {http://lennartb.home.xs4all.nl/bootloaders/bootloaders.html},
  Note		= {[Online; accessed 20-Apr-2015]}
}

@Misc{		  web:linuxgazette70,
  Author	= {Subhasish Ghosh},
  Title		= {Bootstrapping a Linux system - an Analysis},
  HowPublished	= {http://linuxgazette.net/issue70/ghosh.html},
  Year		= 2001
}

@Misc{		  web:linuxhistory,
  Author	= {Ragib Hasan},
  Title		= {History of Linux},
  HowPublished	= {http://cs2.swfu.edu.cn/\char`~wx672/lecture\_notes/linux/linux\_history/},
  Year		= 2002
}

@Misc{		  web:linuxtimeline,
  Author	= {Jorn Barger},
  Title		= {Timeline of GNU/Linux and Unix},
  HowPublished	= {http://www.robotwisdom.com/linux/timeline.html},
  Year		= 2002
}

@Misc{		  web:pagealloc,
  Author	= {Linuxmm},
  Title		= {PageAllocation},
  Year		= 2013,
  HowPublished	= {\url{http://linux-mm.org/PageAllocation\#head-49144cba93f028bf6e50f5192b9d108badc2c5e8}},
  Note		= "[Online; accessed 18-Apr-2015]"
}

@Misc{		  web:pete2012booting2,
  Author	= {Pete Dice},
  Title		= {Booting an Intel Architecture System, Part II: Advanced
		  Initialization},
  HowPublished	= {http://www.drdobbs.com/go-parallel/article/232400476},
  Month		= 1,
  Year		= 2012
}

@Misc{		  web:ps-session,
  Author	= {Stackexchange},
  Title		= {What are session leaders in PS?},
  Year		= 2011,
  HowPublished	= {http://unix.stackexchange.com/questions/18166/what-are-session-leaders-in-ps},
  Note		= "[Online; accessed 18-Apr-2015]"
}

@Misc{		  web:rbtree,
  Author	= {lwn.net},
  Title		= {Red-black trees},
  Year		= 2006,
  HowPublished	= {http://lwn.net/Articles/184495/},
  Note		= "[Online; accessed 18-Apr-2015]"
}

@Misc{		  web:rbtree2,
  Author	= {Rob Landly},
  Title		= {Red-black Trees (rbtree) in Linux},
  Year		= 2007,
  HowPublished	= {https://www.kernel.org/doc/Documentation/rbtree.txt},
  Note		= "[Online; accessed 18-Apr-2015]"
}

@Misc{		  web:reentrant,
  Author	= {Stackoverflow},
  Title		= {Threadsafe vs re-entrant},
  Year		= 2009,
  HowPublished	= {http://stackoverflow.com/questions/856823/threadsafe-vs-re-entrant},
  Note		= "[Online; accessed 18-Apr-2015]"
}

@Misc{		  web:reentrant2,
  Author	= {Stackoverflow},
  Title		= {What is the difference between re-entrant function and
		  recursive function in C?},
  HowPublished	= {\url{https://stackoverflow.com/questions/261311/what-is-the-difference-between-re-entrant-function-and-recursive-function-in-c}},
  Year		= 2008,
  Note		= {(Accessed on 02/25/2018)}
}

@Misc{		  web:thear30,
  Author	= {William Swanson},
  Title		= {The Art of Picking Intel Registers},
  HowPublished	= {http://www.swansontec.com/sregisters.html},
  Year		= 2003,
  Note		= {(Accessed on 2016-06-26)}
}

@Misc{		  web:uin93,
  Author	= {cprogramming.com},
  Title		= {((uint32\_t)(\char`~0UL)) ??},
  HowPublished	= {http://cboard.cprogramming.com/c-programming/130111-uint32\_t-\char`~0ul.html},
  Year		= 2010,
  Note		= {(Accessed on 2016-06-26)}
}

@Misc{		  web:unixhistory,
  Author	= {Warren Toomey},
  Title		= {The Strange Birth and Long Life of Unix},
  HowPublished	= {http://spectrum.ieee.org/computing/software/the-strange-birth-and-long-life-of-unix/0},
  Year		= 2011
}

@Misc{		  web:xv6,
  Author	= {MIT},
  Title		= {Xv6{,} a simple Unix-like teaching operating system},
  HowPublished	= {https://pdos.csail.mit.edu/6.828/2014/xv6.html},
  Year		= 2014
}

@Book{		  weiss1993data,
  Title		= {Data structures and algorithm analysis in C},
  Author	= {Weiss, Mark Allen and Weiss, Mark Allen},
  Year		= 1993,
  Publisher	= {Benjamin/Cummings California}
}

@Misc{		  wikibooks-gas,
  Author	= {Wikibooks},
  Title		= {GAS Syntax},
  Year		= 2012,
  HowPublished	= {http://en.wikibooks.org/wiki/X86\_Assembly/GAS\_Syntax}
}

@Misc{		  x86-inline-asm-linux,
  Title		= {Inline assembly for x86 in Linux},
  Author	= {IBM Developerworks},
  Year		= 2012,
  HowPublished	= {http://www.ibm.com/developerworks/linux/library/l-ia/index.html}
}

@Misc{		  x86assemblymanual,
  Author	= {Oracle},
  Title		= {x86 Assembly Language Reference Manual},
  Year		= 2012,
  HowPublished	= {http://docs.oracle.com/cd/E19253-01/817-5477/817-5477.pdf}
}

@Book{		  yuyuan2009orange,
  Title		= "Orange'S：一个操作系统的实现",
  Author	= "于渊",
  Year		= 2009,
  Publisher	= "电子工业出版社"
}

@Book{		  zhenggang2016,
  Author	= "郑钢",
  Title		= "操作系统真象还原",
  Publisher	= "人民邮电出版社",
  Year		= 2016
}

@Book{		  zouhengming09,
  Author	= "邹恒明",
  Title		= "计算机的心智：操作系统之哲学原理",
  Publisher	= "机械工业出版社",
  Year		= 2009
}
