@misc{ien2,
  author    = {Jon Postel},
  title 	   = {2.3.3.2  Comments on Internet Protocol and TCP},
  series = "Internet Engineering Notes",
  number = 2,
  howpublished = "IEN 2",
  publisher = "RFC editor",
  organization = "Information Sciences Institute",
  year 	   = 1977,
  month = 8,
  url = "https://www.rfc-editor.org/ien/ien2.txt",
  }
@misc{ien21,
  author    = {Vinton Cerf and Jon Postel},
  title 	   = {Specification of Internet Transmission Control Program --- TCP (Version 3)},
  series = "Internet Engineering Notes",
  number = 21,
  howpublished = "IEN 21",
  publisher = "RFC editor",
  organization = "Information Sciences Institute",
  year 	   = 1978,
  month = 1,
  url = "https://www.rfc-editor.org/ien/ien21.pdf",
  }
@misc{ien28,
  author    = {Jon Postel},
  title 	   = {Draft Internetwork Protocol Specification Version 2},
  series = "Internet Engineering Notes",
  number = 28,
  howpublished = "IEN 28",
  publisher = "RFC editor",
  organization = "Information Sciences Institute",
  year 	   = 1978,
  month = 2,
  url = "https://www.rfc-editor.org/ien/ien28.pdf",
  }
@misc{ien40,
  author    = {V. Cerf},
  title 	   = {Transmission Control Protocol Version 4},
  series = "Internet Engineering Notes",
  number = 40,
  howpublished = "IEN 40",
  publisher = "RFC editor",
  organization = "Information Sciences Institute",
  year 	   = 1978,
  month = 6,
  url = "https://www.rfc-editor.org/ien/ien40.pdf",
  }
@misc{ien41,
  author    = {Jon Postel},
  title 	   = {Internet Protocol Specification Version 4},
  series = "Internet Engineering Notes",
  number = 41,
  howpublished = "IEN 41",
  publisher = "RFC editor",
  organization = "Information Sciences Institute",
  year 	   = 1978,
  month = 6,
  url = "https://www.rfc-editor.org/ien/ien41.pdf",
  }
@misc{ien5,
  author    = {Vinton Cerf},
  title 	   = {Specification of Internet Transmission Control Program --- TCP (Version 2)},
  series = "Internet Engineering Notes",
  number = 5,
  howpublished = "IEN 5",
  publisher = "RFC editor",
  organization = "ARPA",
  year 	   = 1977,
  month = 3,
  url = "https://www.rfc-editor.org/ien/ien5.pdf",
  }
@misc{rfc1034,
  author="P.V. Mockapetris",
  title="{Domain names - concepts and facilities}",
  howpublished="RFC 1034 (Internet Standard)",
  series="Internet Request for Comments",
  type="RFC",
  number="1034",
  pages="1--55",
  year=1987,
  month=nov,
  issn="2070-1721",
  publisher="RFC Editor",
  institution="RFC Editor",
  organization="RFC Editor",
  address="Fremont, CA, USA",
    note="Updated by RFCs 1101, 1183, 1348, 1876, 1982, 2065, 2181, 2308, 2535, 4033, 4034, 4035, 4343, 4035, 4592, 5936, 8020",
url="https://www.rfc-editor.org/rfc/rfc1034.txt",
  key="RFC 1034",
  abstract={This RFC is the revised basic definition of The Domain Name System.  It obsoletes RFC-882.  This memo describes the domain style names and their used for host address look up and electronic mail forwarding.  It discusses the clients and servers in the domain name system and the protocol used between them.},
  keywords="DOMAIN",
  doi="10.17487/RFC1034",
  }
@misc{rfc1035,
  author="P.V. Mockapetris",
  title="{Domain names - implementation and specification}",
  howpublished="RFC 1035 (Internet Standard)",
  series="Internet Request for Comments",
  type="RFC",
  number="1035",
  pages="1--55",
  year=1987,
  month=nov,
  issn="2070-1721",
  publisher="RFC Editor",
  institution="RFC Editor",
  organization="RFC Editor",
  address="Fremont, CA, USA",
    note="Updated by RFCs 1101, 1183, 1348, 1876, 1982, 1995, 1996, 2065, 2136, 2181, 2137, 2308, 2535, 2673, 2845, 3425, 3658, 4033, 4034, 4035, 4343, 5936, 5966, 6604, 7766",
url="https://www.rfc-editor.org/rfc/rfc1035.txt",
  key="RFC 1035",
  abstract={This RFC is the revised specification of the protocol and format used in the implementation of the Domain Name System.  It obsoletes RFC-883.  This memo documents the details of the domain name client - server communication.},
  keywords="DOMAIN, DNS",
  doi="10.17487/RFC1035",
  }
@misc{rfc1042,
  author="J. Postel and J.K. Reynolds",
  title="{Standard for the transmission of IP datagrams over IEEE 802 networks}",
  howpublished="RFC 1042 (Internet Standard)",
  series="Internet Request for Comments",
  type="RFC",
  number="1042",
  pages="1--15",
  year=1988,
  month=feb,
  issn="2070-1721",
  publisher="RFC Editor",
  institution="RFC Editor",
  organization="RFC Editor",
  address="Fremont, CA, USA",
  url="https://www.rfc-editor.org/rfc/rfc1042.txt",
  key="RFC 1042",
  abstract={This RFC specifies a standard method of encapsulating the Internet Protocol (IP) datagrams and Address Resolution Protocol (ARP) requests and replies on IEEE 802 Networks to allow compatible and interoperable implementations.  This RFC specifies a protocol standard for the Internet community.},
  keywords="IP-IEEE",
  doi="10.17487/RFC1042",
  }
@misc{rfc1058,
  author	   = "C.L. Hedrick",
  title		   = "{Routing Information Protocol}",
  series	   = "Request for Comments",
  number	   = 1058,
  howpublished = "RFC 1058 (Historic)",
  publisher	   = "IETF",
  organization = "Internet Engineering Task Force",
  year		   = 1988,
  month		   = 6,
  note		   = "Updated by RFCs 1388, 1723",
  url		   = "http://www.ietf.org/rfc/rfc1058.txt",
}

@misc{rfc1060,
  author	   = "J.K. Reynolds and J. Postel",
  title		   = "{Assigned numbers}",
  series	   = "Request for Comments",
  number	   = 1060,
  howpublished = "RFC 1060 (Historic)",
  publisher	   = "IETF",
  organization = "Internet Engineering Task Force",
  year		   = 1990,
  month		   = 3,
  note		   = "Obsoleted by RFC 1340, updated by RFC 1349",
  url		   = "http://www.ietf.org/rfc/rfc1060.txt",
}
@misc{rfc1112,
  author="S.E. Deering",
  title="{Host extensions for IP multicasting}",
  series="Request for Comments",
  number=1112,
  howpublished="RFC 1112 (INTERNET STANDARD)",
  publisher="IETF",
  organization="Internet Engineering Task Force",
  year=1989,
  month=8,
    note="Updated by RFC 2236",
  url="http://www.ietf.org/rfc/rfc1112.txt",
}
@misc{rfc1122,
  author="R. {Braden (Ed.)}",
  title="{Requirements for Internet Hosts - Communication Layers}",
  howpublished="RFC 1122 (Internet Standard)",
  series="Internet Request for Comments",
  type="RFC",
  number="1122",
  pages="1--116",
  year=1989,
  month=oct,
  issn="2070-1721",
  publisher="RFC Editor",
  institution="RFC Editor",
  organization="RFC Editor",
  address="Fremont, CA, USA",
    note="Updated by RFCs 1349, 4379, 5884, 6093, 6298, 6633, 6864, 8029",
url="https://www.rfc-editor.org/rfc/rfc1122.txt",
  key="RFC 1122",
  abstract={This RFC is an official specification for the Internet community.  It incorporates by reference, amends, corrects, and supplements the primary protocol standards documents relating to hosts. [STANDARDS-TRACK]},
  keywords="applicability",
  doi="10.17487/RFC1122",
  }
@misc{rfc1180,
  author	   = "T.J. Socolofsky and C.J. Kale",
  title		   = "{TCP/IP tutorial}",
  series	   = "Request for Comments",
  number	   = 1180,
  howpublished = "RFC 1180 (Informational)",
  publisher	   = "IETF",
  organization = "Internet Engineering Task Force",
  year		   = 1991,
  month		   = 1,
  url		   = "http://www.ietf.org/rfc/rfc1180.txt",
}
@misc{rfc1323,
  author="V. Jacobson and R. Braden and D. Borman",
  title="{TCP Extensions for High Performance}",
  howpublished="RFC 1323 (Proposed Standard)",
  series="Internet Request for Comments",
  type="RFC",
  number="1323",
  pages="1--37",
  year=1992,
  month=may,
  issn="2070-1721",
  publisher="RFC Editor",
  institution="RFC Editor",
  organization="RFC Editor",
  address="Fremont, CA, USA",
    note="Obsoleted by RFC 7323",
url="https://www.rfc-editor.org/rfc/rfc1323.txt",
  key="RFC 1323",
  abstract={This memo presents a set of TCP extensions to improve performance over large bandwidth*delay product paths and to provide reliable operation over very high-speed paths.  It defines new TCP options for scaled windows and timestamps, which are designed to provide compatible interworking with TCP's that do not implement the extensions. [STANDARDS-TRACK]},
  keywords="TCP-EXT, options, PAWS, window, scale, window",
  doi="10.17487/RFC1323",
  }
@misc{rfc1518,
  author="Y. Rekhter and T. Li",
  title="{An Architecture for IP Address Allocation with CIDR}",
  series="Request for Comments",
  number="1518",
  howpublished="RFC 1518 (Historic)",
  publisher="IETF",
  organization="Internet Engineering Task Force",
  year=1993,
  month=9,
    url="http://www.ietf.org/rfc/rfc1518.txt",
}
@misc{rfc1519,
  author="V. Fuller and T. Li and J. Yu and K. Varadhan",
  title="{Classless Inter-Domain Routing (CIDR): an Address Assignment and Aggregation Strategy}",
  series="Request for Comments",
  number="1519",
  howpublished="RFC 1519 (Proposed Standard)",
  publisher="IETF",
  organization="Internet Engineering Task Force",
  year=1993,
  month=9,
    note="Obsoleted by RFC 4632",
  url="http://www.ietf.org/rfc/rfc1519.txt",
}
@misc{rfc1579,
  author="S. Bellovin",
  title="{Firewall-Friendly FTP}",
  howpublished="RFC 1579 (Informational)",
  series="Internet Request for Comments",
  type="RFC",
  number="1579",
  pages="1--4",
  year=1994,
  month=feb,
  issn="2070-1721",
  publisher="RFC Editor",
  institution="RFC Editor",
  organization="RFC Editor",
  address="Fremont, CA, USA",
  url="https://www.rfc-editor.org/rfc/rfc1579.txt",
  key="RFC 1579",
  abstract={This memo describes a suggested change to the behavior of FTP client programs.  This document provides information for the Internet community.  This memo provides information for the Internet community.  This memo does not specify an Internet standard of any kind.},
  keywords="file, transfer, PORT, PASV, Security",
  doi="10.17487/RFC1579",
  }

@misc{rfc1631,
  author="K. Egevang and P. Francis",
  title="{The IP Network Address Translator (NAT)}",
  howpublished="RFC 1631 (Informational)",
  series="Internet Request for Comments",
  type="RFC",
  number="1631",
  pages="1--10",
  year=1994,
  month=may,
  issn="2070-1721",
  publisher="RFC Editor",
  institution="RFC Editor",
  organization="RFC Editor",
  address="Fremont, CA, USA",
    note="Obsoleted by RFC 3022",
url="https://www.rfc-editor.org/rfc/rfc1631.txt",
  key="RFC 1631",
  abstract={This memo proposes another short-term solution, address reuse, that complements CIDR or even makes it unnecessary.  The address reuse solution is to place Network Address Translators (NAT) at the borders of stub domains.  This memo provides information for the Internet community.  This memo does not specify an Internet standard of any kind.},
  keywords="Internet Protocol",
  doi="10.17487/RFC1631",
  }

@misc{rfc1700,
  author="J. Reynolds and J. Postel",
  title="{Assigned Numbers}",
  series="Request for Comments",
  number=1700,
  howpublished="RFC 1700 (Historic)",
  publisher="IETF",
  organization="Internet Engineering Task Force",
  year=1994,
  month=10,
    note="Obsoleted by RFC 3232",
  url="http://www.ietf.org/rfc/rfc1700.txt",
}

@misc{rfc1752,
  author="S. Bradner and A. Mankin",
  title="{The Recommendation for the IP Next Generation Protocol}",
  series="Request for Comments",
  number=1752,
  howpublished="RFC 1752 (Proposed Standard)",
  publisher="IETF",
  organization="Internet Engineering Task Force",
  year=1995,
  month=1,
    url="http://www.ietf.org/rfc/rfc1752.txt",
}

@misc{rfc1812,
  author="F. Baker",
  title="{Requirements for IP Version 4 Routers}",
  series="Request for Comments",
  number=1812,
  howpublished="RFC 1812 (Proposed Standard)",
  publisher="IETF",
  organization="Internet Engineering Task Force",
  year=1995,
  month=6,
    note="Updated by RFCs 2644, 6633",
  url="http://www.ietf.org/rfc/rfc1812.txt",
}
@misc{rfc1918,
  author	   = "Y. Rekhter and B. Moskowitz and D. Karrenberg and G. J. de Groot and
                  E. Lear",
  title		   = "{Address Allocation for Private Internets}",
  series	   = "Request for Comments",
  number	   = 1918,
  howpublished = "RFC 1918 (Best Current Practice)",
  publisher	   = "IETF",
  organization = "Internet Engineering Task Force",
  year		   = 1996,
  month		   = 2,
  note		   = "Updated by RFC 6761",
  url		   = "http://www.ietf.org/rfc/rfc1918.txt",
}

@misc{rfc1939,
  author="J. Myers and M. Rose",
  title="{Post Office Protocol - Version 3}",
  howpublished="RFC 1939 (Internet Standard)",
  series="Internet Request for Comments",
  type="RFC",
  number="1939",
  pages="1--23",
  year=1996,
  month=may,
  issn="2070-1721",
  publisher="RFC Editor",
  institution="RFC Editor",
  organization="RFC Editor",
  address="Fremont, CA, USA",
    note="Updated by RFCs 1957, 2449, 6186, 8314",
url="https://www.rfc-editor.org/rfc/rfc1939.txt",
  key="RFC 1939",
  abstract={The Post Office Protocol - Version 3 (POP3) is intended to permit a workstation to dynamically access a maildrop on a server host in a useful fashion. [STANDARDS-TRACK]},
  keywords="POP3, POP3",
  doi="10.17487/RFC1939",
  }

@misc{rfc2018,
  author="M. Mathis and J. Mahdavi and S. Floyd and A. Romanow",
  title="{TCP Selective Acknowledgment Options}",
  howpublished="RFC 2018 (Proposed Standard)",
  series="Internet Request for Comments",
  type="RFC",
  number="2018",
  pages="1--12",
  year=1996,
  month=oct,
  issn="2070-1721",
  publisher="RFC Editor",
  institution="RFC Editor",
  organization="RFC Editor",
  address="Fremont, CA, USA",
  url="https://www.rfc-editor.org/rfc/rfc2018.txt",
  key="RFC 2018",
  abstract={This memo proposes an implementation of SACK and discusses its performance and related issues. [STANDARDS-TRACK]},
  keywords="TCP-ACK, Transmission, Control, Protocol, SACK",
  doi="10.17487/RFC2018",
  }
@misc{rfc2045,
  author="N. Freed and N. Borenstein",
  title="{Multipurpose Internet Mail Extensions (MIME) Part One: Format of Internet Message Bodies}",
  howpublished="RFC 2045 (Draft Standard)",
  series="Internet Request for Comments",
  type="RFC",
  number="2045",
  pages="1--31",
  year=1996,
  month=nov,
  issn="2070-1721",
  publisher="RFC Editor",
  institution="RFC Editor",
  organization="RFC Editor",
  address="Fremont, CA, USA",
    note="Updated by RFCs 2184, 2231, 5335, 6532",
url="https://www.rfc-editor.org/rfc/rfc2045.txt",
  key="RFC 2045",
  abstract={This initial document specifies the various headers used to describe the structure of MIME messages. [STANDARDS-TRACK]},
  keywords="MIME, media, types, headers",
  doi="10.17487/RFC2045",
  }
@misc{rfc2235,
  author="R. Zakon",
  title="{Hobbes' Internet Timeline}",
  howpublished="RFC 2235 (Informational)",
  series="Internet Request for Comments",
  type="RFC",
  number="2235",
  pages="1--22",
  year=1997,
  month=nov,
  issn="2070-1721",
  publisher="RFC Editor",
  institution="RFC Editor",
  organization="RFC Editor",
  address="Fremont, CA, USA",
  url="https://www.rfc-editor.org/rfc/rfc2235.txt",
  key="RFC 2235",
  abstract={This document presents a history of the Internet in timeline fashion, highlighting some of the key events and technologies which helped shape the Internet as we know it today.  A growth summary of the Internet and some associated technologies is also included.  This memo provides information for the Internet community.  It does not specify an Internet standard of any kind.},
  keywords="events, technologies, history",
  doi="10.17487/RFC2235",
  }
@misc{rfc2328,
  author="J. Moy",
  title="{OSPF Version 2}",
  series="Request for Comments",
  number=2328,
  howpublished="RFC 2328 (INTERNET STANDARD)",
  publisher="IETF",
  organization="Internet Engineering Task Force",
  year=1998,
  month=4,
  note="Updated by RFCs 5709, 6549, 6845, 6860",
  url="http://www.ietf.org/rfc/rfc2328.txt",
}

@misc{rfc2453,
  author	   = "G. Malkin",
  title		   = "{RIP Version 2}",
  series	   = "Request for Comments",
  number	   = 2453,
  howpublished = "RFC 2453 (INTERNET STANDARD)",
  publisher	   = "IETF",
  organization = "Internet Engineering Task Force",
  year		   = 1998,
  month		   = 11,
  note		   = "Updated by RFC 4822",
  url		   = "http://www.ietf.org/rfc/rfc2453.txt",
}
@misc{rfc2460,
  author="S. Deering and R. Hinden",
  title="{Internet Protocol, Version 6 (IPv6) Specification}",
  series="Request for Comments",
  number=2460,
  howpublished="RFC 2460 (Draft Standard)",
  publisher="IETF",
  organization="Internet Engineering Task Force",
  year=1998,
  month=12,
    note="Updated by RFCs 5095, 5722, 5871, 6437, 6564, 6935, 6946, 7045, 7112",
  url="http://www.ietf.org/rfc/rfc2460.txt",
}
@misc{rfc2616,
  author="R. Fielding and J. Gettys and J. Mogul and H. Frystyk and L. Masinter and P. Leach and T. Berners-Lee",
  title="{Hypertext Transfer Protocol -- HTTP/1.1}",
  howpublished="RFC 2616 (Draft Standard)",
  series="Internet Request for Comments",
  type="RFC",
  number="2616",
  pages="1--176",
  year=1999,
  month=jun,
  issn="2070-1721",
  publisher="RFC Editor",
  institution="RFC Editor",
  organization="RFC Editor",
  address="Fremont, CA, USA",
    note="Obsoleted by RFCs 7230, 7231, 7232, 7233, 7234, 7235, updated by RFCs 2817, 5785, 6266, 6585",
url="https://www.rfc-editor.org/rfc/rfc2616.txt",
  key="RFC 2616",
  abstract={HTTP has been in use by the World-Wide Web global information initiative since 1990.  This specification defines the protocol referred to as ``HTTP/1.1'', and is an update to RFC 2068. [STANDARDS-TRACK]},
  keywords="HTTP, World Wide Web, WWW, hypermedia",
  doi="10.17487/RFC2616",
  }

@misc{rfc2675,
  author="D. Borman and S. Deering and R. Hinden",
  title="{IPv6 Jumbograms}",
  series="Request for Comments",
  number=2675,
  howpublished="RFC 2675 (Proposed Standard)",
  publisher="IETF",
  organization="Internet Engineering Task Force",
  year=1999,
  month=8,
    url="http://www.ietf.org/rfc/rfc2675.txt",
}

@misc{rfc2821,
  author="J. {Klensin (Ed.)}",
  title="{Simple Mail Transfer Protocol}",
  howpublished="RFC 2821 (Proposed Standard)",
  series="Internet Request for Comments",
  type="RFC",
  number="2821",
  pages="1--79",
  year=2001,
  month=apr,
  issn="2070-1721",
  publisher="RFC Editor",
  institution="RFC Editor",
  organization="RFC Editor",
  address="Fremont, CA, USA",
    note="Obsoleted by RFC 5321, updated by RFC 5336",
url="https://www.rfc-editor.org/rfc/rfc2821.txt",
  key="RFC 2821",
  abstract={This document is a self-contained specification of the basic protocol for the Internet electronic mail transport. [STANDARDS-TRACK]},
  keywords="SMTP",
  doi="10.17487/RFC2821",
  }

@misc{rfc3232,
  author="J. Reynolds",
  title="{Assigned Numbers: RFC 1700 is Replaced by an On-line Database}",
  series="Request for Comments",
  number=3232,
  howpublished="RFC 3232 (Informational)",
  publisher="IETF",
  organization="Internet Engineering Task Force",
  year=2002,
  month=1,
    url="http://www.ietf.org/rfc/rfc3232.txt",
}

@misc{rfc3501,
  author="M. Crispin",
  title="{INTERNET MESSAGE ACCESS PROTOCOL - VERSION 4rev1}",
  howpublished="RFC 3501 (Proposed Standard)",
  series="Internet Request for Comments",
  type="RFC",
  number="3501",
  pages="1--108",
  year=2003,
  month=mar,
  issn="2070-1721",
  publisher="RFC Editor",
  institution="RFC Editor",
  organization="RFC Editor",
  address="Fremont, CA, USA",
    note="Updated by RFCs 4466, 4469, 4551, 5032, 5182, 5738, 6186, 6858, 7817, 8314, 8437, 8474",
url="https://www.rfc-editor.org/rfc/rfc3501.txt",
  key="RFC 3501",
  abstract={The Internet Message Access Protocol, Version 4rev1 (IMAP4rev1) allows a client to access and manipulate electronic mail messages on a server.  IMAP4rev1 permits manipulation of mailboxes (remote message folders) in a way that is functionally equivalent to local folders.  IMAP4rev1 also provides the capability for an offline client to resynchronize with the server.  IMAP4rev1 includes operations for creating, deleting, and renaming mailboxes, checking for new messages, permanently removing messages, setting and clearing flags, RFC 2822 and RFC 2045 parsing, searching, and selective fetching of message attributes, texts, and portions thereof.  Messages in IMAP4rev1 are accessed by the use of numbers.  These numbers are either message sequence numbers or unique identifiers.  IMAP4rev1 supports a single server.  A mechanism for accessing configuration information to support multiple IMAP4rev1 servers is discussed in RFC 2244.  IMAP4rev1 does not specify a means of posting mail; this function is handled by a mail transfer protocol such as RFC 2821. [STANDARDS-TRACK]},
  keywords="IMAPv4, imap, imapv4rev1",
  doi="10.17487/RFC3501",
  }

@misc{rfc4193,
  author="R. Hinden and B. Haberman",
  title="{Unique Local IPv6 Unicast Addresses}",
  series="Request for Comments",
  number=4193,
  howpublished="RFC 4193 (Proposed Standard)",
  publisher="IETF",
  organization="Internet Engineering Task Force",
  year=2005,
  month=10,
    url="http://www.ietf.org/rfc/rfc4193.txt",
}
@misc{rfc4271,
  author="Y. Rekhter and T. Li and S. Hares",
  title="{A Border Gateway Protocol 4 (BGP-4)}",
  series="Request for Comments",
  number=4271,
  howpublished="RFC 4271 (Draft Standard)",
  publisher="IETF",
  organization="Internet Engineering Task Force",
  year=2006,
  month=1,
    note="Updated by RFCs 6286, 6608, 6793",
  url="http://www.ietf.org/rfc/rfc4271.txt",
}
@misc{rfc4291,
  author="R. Hinden and S. Deering",
  title="{IP Version 6 Addressing Architecture}",
  series="Request for Comments",
  number=4291,
  howpublished="RFC 4291 (Draft Standard)",
  publisher="IETF",
  organization="Internet Engineering Task Force",
  year=2006,
  month=2,
    note="Updated by RFCs 5952, 6052, 7136, 7346, 7371",
  url="http://www.ietf.org/rfc/rfc4291.txt",
}
@misc{rfc4632,
  author="V. Fuller and T. Li",
  title="{Classless Inter-domain Routing (CIDR): The Internet Address Assignment and Aggregation Plan}",
  howpublished="RFC 4632 (Best Current Practice)",
  series="Internet Request for Comments",
  type="RFC",
  number="4632",
  pages="1--27",
  year=2006,
  month=aug,
  issn="2070-1721",
  publisher="RFC Editor",
  institution="RFC Editor",
  organization="RFC Editor",
  address="Fremont, CA, USA",
  url="https://www.rfc-editor.org/rfc/rfc4632.txt",
  key="RFC 4632",
  abstract={This memo discusses the strategy for address assignment of the existing 32-bit IPv4 address space with a view toward conserving the address space and limiting the growth rate of global routing state.  This document obsoletes the original Classless Inter-domain Routing (CIDR) spec in RFC 1519, with changes made both to clarify the concepts it introduced and, after more than twelve years, to update the Internet community on the results of deploying the technology described.  This document specifies an Internet Best Current Practices for the Internet Community, and requests discussion and suggestions for improvements.},
  keywords="CIDR-STRA, global routing state",
  doi="10.17487/RFC4632",
  }

@misc{rfc5952,
  author="S. Kawamura and M. Kawashima",
  title="{A Recommendation for IPv6 Address Text Representation}",
  series="Request for Comments",
  number=5952,
  howpublished="RFC 5952 (Proposed Standard)",
  publisher="IETF",
  organization="Internet Engineering Task Force",
  year=2010,
  month=8,
    url="http://www.ietf.org/rfc/rfc5952.txt",
}

@misc{rfc6294,
  author="Q. Hu and B. Carpenter",
  title="{Survey of Proposed Use Cases for the IPv6 Flow Label}",
  series="Request for Comments",
  number=6294,
  howpublished="RFC 6294 (Informational)",
  publisher="IETF",
  organization="Internet Engineering Task Force",
  year=2011,
  month=6,
    url="http://www.ietf.org/rfc/rfc6294.txt",
}

@misc{rfc6691,
  author="D. Borman",
  title="{TCP Options and Maximum Segment Size (MSS)}",
  howpublished="RFC 6691 (Informational)",
  series="Internet Request for Comments",
  type="RFC",
  number="6691",
  pages="1--9",
  year=2012,
  month=jul,
  issn="2070-1721",
  publisher="RFC Editor",
  institution="RFC Editor",
  organization="RFC Editor",
  address="Fremont, CA, USA",
  url="https://www.rfc-editor.org/rfc/rfc6691.txt",
  key="RFC 6691",
  abstract={This memo discusses what value to use with the TCP Maximum Segment Size (MSS) option, and updates RFC 879 and RFC 2385.  This document is not an Internet Standards Track specification; it is published for informational purposes.},
  doi="10.17487/RFC6691",
  }

@misc{rfc675,
  author="V. Cerf and Y. Dalal and C. Sunshine",
  title="{Specification of Internet Transmission Control Program}",
  series="Request for Comments",
  number=675,
  howpublished="RFC 675",
  publisher="IETF",
  organization="Internet Engineering Task Force",
  year=1974,
  month=12,
    url="http://www.ietf.org/rfc/rfc675.txt",
}

@misc{rfc7540,
  author="M. Belshe and R. Peon and M. {Thomson (Ed.)}",
  title="{Hypertext Transfer Protocol Version 2 (HTTP/2)}",
  howpublished="RFC 7540 (Proposed Standard)",
  series="Internet Request for Comments",
  type="RFC",
  number="7540",
  pages="1--96",
  year=2015,
  month=may,
  issn="2070-1721",
  publisher="RFC Editor",
  institution="RFC Editor",
  organization="RFC Editor",
  address="Fremont, CA, USA",
  url="https://www.rfc-editor.org/rfc/rfc7540.txt",
  key="RFC 7540",
  abstract={This specification describes an optimized expression of the semantics of the Hypertext Transfer Protocol (HTTP), referred to as HTTP version 2 (HTTP/2). HTTP/2 enables a more efficient use of network resources and a reduced perception of latency by introducing header field compression and allowing multiple concurrent exchanges on the same connection. It also introduces unsolicited push of representations from servers to clients. This specification is an alternative to, but does not obsolete, the HTTP/1.1 message syntax. HTTP's existing semantics remain unchanged.},
  keywords="HTTP, SPDY, Web",
  doi="10.17487/RFC7540",
  }

@misc{rfc7541,
  author="R. Peon and H. Ruellan",
  title="{HPACK: Header Compression for HTTP/2}",
  howpublished="RFC 7541 (Proposed Standard)",
  series="Internet Request for Comments",
  type="RFC",
  number="7541",
  pages="1--55",
  year=2015,
  month=may,
  issn="2070-1721",
  publisher="RFC Editor",
  institution="RFC Editor",
  organization="RFC Editor",
  address="Fremont, CA, USA",
  url="https://www.rfc-editor.org/rfc/rfc7541.txt",
  key="RFC 7541",
  abstract={This specification defines HPACK, a compression format for efficiently representing HTTP header fields, to be used in HTTP/2.},
  keywords="HTTP, Header",
  doi="10.17487/RFC7541",
  }

@misc{rfc768,
  author="J. Postel",
  title="{User Datagram Protocol}",
  howpublished="RFC 768 (Internet Standard)",
  series="Internet Request for Comments",
  type="RFC",
  number="768",
  pages="1--3",
  year=1980,
  month=aug,
  issn="2070-1721",
  publisher="RFC Editor",
  institution="RFC Editor",
  organization="RFC Editor",
  address="Fremont, CA, USA",
  url="https://www.rfc-editor.org/rfc/rfc768.txt",
  key="RFC 768",
  keywords="UDP, UDP",
  doi="10.17487/RFC0768",
  }

@misc{rfc790,
  author	   = "J. Postel",
  title		   = "{Assigned numbers}",
  series	   = "Request for Comments",
  number	   = 790,
  howpublished = "RFC 790 (Historic)",
  publisher	   = "IETF",
  organization = "Internet Engineering Task Force",
  year		   = 1981,
  month		   = 9,
  note		   = "Obsoleted by RFC 820",
  url		   = "http://www.ietf.org/rfc/rfc790.txt",
}
@misc{rfc791,
  author	   = "J. Postel",
  title		   = "{Internet Protocol}",
  series	   = "Request for Comments",
  number	   = 791,
  howpublished = "RFC 791 (INTERNET STANDARD)",
  publisher	   = "IETF",
  organization = "Internet Engineering Task Force",
  year		   = 1981,
  month		   = 9,
  note		   = "Updated by RFCs 1349, 2474, 6864",
  url		   = "http://www.ietf.org/rfc/rfc791.txt",
}
@misc{rfc793,
  author	   = "J. Postel",
  title		   = "{Transmission Control Protocol}",
  series	   = "Request for Comments",
  number	   = 793,
  howpublished = "RFC 793 (INTERNET STANDARD)",
  publisher	   = "IETF",
  organization = "Internet Engineering Task Force",
  year		   = 1981,
  month		   = 9,
  note		   = "Updated by RFCs 1122, 3168, 6093, 6528",
  url		   = "http://www.ietf.org/rfc/rfc793.txt",
}
@misc{rfc826,
  author="D. Plummer",
  title="{An Ethernet Address Resolution Protocol: Or Converting Network Protocol Addresses to 48.bit Ethernet Address for Transmission on Ethernet Hardware}",
  howpublished="RFC 826 (Internet Standard)",
  series="Internet Request for Comments",
  type="RFC",
  number="826",
  pages="1--10",
  year=1982,
  month=nov,
  issn="2070-1721",
  publisher="RFC Editor",
  institution="RFC Editor",
  organization="RFC Editor",
  address="Fremont, CA, USA",
    note="Updated by RFCs 5227, 5494",
url="https://www.rfc-editor.org/rfc/rfc826.txt",
  key="RFC 826",
  abstract={The purpose of this RFC is to present a method of Converting Protocol Addresses (e.g., IP addresses) to Local Network Addresses (e.g., Ethernet addresses).  This is an issue of general concern in the ARPA Internet Community at this time.  The method proposed here is presented for your consideration and comment.  This is not the specification of an Internet Standard.},
  keywords="ARP",
  doi="10.17487/RFC0826",
  }

@misc{rfc879,
  author="J. Postel",
  title="{The TCP Maximum Segment Size and Related Topics}",
  howpublished="RFC 879 (Historic)",
  series="Internet Request for Comments",
  type="RFC",
  number="879",
  pages="1--11",
  year=1983,
  month=nov,
  issn="2070-1721",
  publisher="RFC Editor",
  institution="RFC Editor",
  organization="RFC Editor",
  address="Fremont, CA, USA",
    note="Obsoleted by RFC 7805, updated by RFC 6691",
url="https://www.rfc-editor.org/rfc/rfc879.txt",
  key="RFC 879",
  abstract={This RFC discusses the TCP Maximum Segment Size Option and related topics.  The purposes is to clarify some aspects of TCP and its interaction with IP.  This memo is a clarification to the TCP specification, and contains information that may be considered as ``advice to implementers''.},
  doi="10.17487/RFC0879",
  }

@misc{rfc917,
  author="J.C. Mogul",
  title="{Internet subnets}",
  howpublished="RFC 917",
  series="Internet Request for Comments",
  type="RFC",
  number="917",
  pages="1--22",
  year=1984,
  month=oct,
  issn="2070-1721",
  publisher="RFC Editor",
  institution="RFC Editor",
  organization="RFC Editor",
  address="Fremont, CA, USA",
  url="https://www.rfc-editor.org/rfc/rfc917.txt",
  key="RFC 917",
  abstract={This memo discusses subnets and proposes procedures for the use of subnets, including approaches to solving the problems that arise, particularly that of routing.  A subnet of an Internet network is a logically visible sub-section of a single Internet network.  For administrative or technical reasons, many organizations have chosen to divide one Internet network into several subnets, instead of acquiring a set of Internet network numbers.  This RFC suggests a proposed protocol for the ARPA-Internet community, and requests discussion and suggestions for improvements.},
  doi="10.17487/RFC0917",
  }

@misc{rfc943,
  author="J.K. Reynolds and J. Postel",
  title="{Assigned numbers}",
  howpublished="RFC 943 (Historic)",
  series="Internet Request for Comments",
  type="RFC",
  number="943",
  pages="1--50",
  year=1985,
  month=apr,
  issn="2070-1721",
  publisher="RFC Editor",
  institution="RFC Editor",
  organization="RFC Editor",
  address="Fremont, CA, USA",
    note="Obsoleted by RFC 960",
url="https://www.rfc-editor.org/rfc/rfc943.txt",
  key="RFC 943",
  abstract={This Network Working Group Request for Comments documents the currently assigned values from several series of numbers used in network protocol implementations.  This RFC will be updated periodically, and in any case current information can be obtained from Joyce Reynolds.  The assignment of numbers is also handled by Joyce.  If you are developing a protocol or application that will require the use of a link, socket, port, protocol, network number, etc., please contact Joyce to receive a number assignment.  This memo is an official status report on the numbers used in protocols in the ARPA-Internet community.  See RFC-990 and 997.},
  doi="10.17487/RFC0943",
  }

@misc{rfc950,
  author="J.C. Mogul and J. Postel",
  title="{Internet Standard Subnetting Procedure}",
  series="Request for Comments",
  number="950",
  howpublished="RFC 950 (INTERNET STANDARD)",
  publisher="IETF",
  organization="Internet Engineering Task Force",
  year=1985,
  month=8,
    note="Updated by RFC 6918",
  url="http://www.ietf.org/rfc/rfc950.txt",
}

@misc{rfc952,
  author="K. Harrenstien and M.K. Stahl and E.J. Feinler",
  title="{DoD Internet host table specification}",
  howpublished="RFC 952",
  series="Internet Request for Comments",
  type="RFC",
  number="952",
  pages="1--6",
  year=1985,
  month=oct,
  issn="2070-1721",
  publisher="RFC Editor",
  institution="RFC Editor",
  organization="RFC Editor",
  address="Fremont, CA, USA",
    note="Updated by RFC 1123",
url="https://www.rfc-editor.org/rfc/rfc952.txt",
  key="RFC 952",
  abstract={This RFC is the official specification of the format of the Internet Host Table.  This edition of the specification includes minor revisions to RFC-810 which brings it up to date.},
  doi="10.17487/RFC0952",
  }

@misc{rfc959,
  author="J. Postel and J. Reynolds",
  title="{File Transfer Protocol}",
  howpublished="RFC 959 (Internet Standard)",
  series="Internet Request for Comments",
  type="RFC",
  number="959",
  pages="1--69",
  year=1985,
  month=oct,
  issn="2070-1721",
  publisher="RFC Editor",
  institution="RFC Editor",
  organization="RFC Editor",
  address="Fremont, CA, USA",
    note="Updated by RFCs 2228, 2640, 2773, 3659, 5797, 7151",
url="https://www.rfc-editor.org/rfc/rfc959.txt",
  key="RFC 959",
  abstract={This memo is the official specification of the File Transfer Protocol (FTP) for the DARPA Internet community.  The primary intent is to clarify and correct the documentation of the FTP specification, not to change the protocol.  The following new optional commands are included in this edition of the specification: Change to Parent Directory (CDUP), Structure Mount (SMNT), Store Unique (STOU), Remove Directory (RMD), Make Directory (MKD), Print Directory (PWD), and System (SYST).  Note that this specification is compatible with the previous edition.},
  keywords="FTP",
  doi="10.17487/RFC0959",
  }

@misc{rfc6093,
  author="F. Gont and A. Yourtchenko",
  title="{On the Implementation of the TCP Urgent Mechanism}",
  howpublished="RFC 6093 (Proposed Standard)",
  series="Internet Request for Comments",
  type="RFC",
  number="6093",
  pages="1--12",
  year=2011,
  month=jan,
  issn="2070-1721",
  publisher="RFC Editor",
  institution="RFC Editor",
  organization="RFC Editor",
  address="Fremont, CA, USA",
  url="https://www.rfc-editor.org/rfc/rfc6093.txt",
  key="RFC 6093",
  abstract={This document analyzes how current TCP implementations process TCP urgent indications and how the behavior of some widely deployed middleboxes affects how end systems process urgent indications.  This document updates the relevant specifications such that they accommodate current practice in processing TCP urgent indications, raises awareness about the reliability of TCP urgent indications in the Internet, and recommends against the use of urgent indications (but provides advice to applications that do). [STANDARDS-TRACK]},
  keywords="Transmission Control Protocol",
  doi="10.17487/RFC6093",
  }
