@misc{ wiki:a20,
  author	   = "Wikipedia",
  title		   = "A20 line --- Wikipedia{,} The Free Encyclopedia",
  year		   = 2015,
  url		   = "http://en.wikipedia.org/w/index.php?title=A20\_line&oldid=654620285",
}

@misc{ wiki:adware,
  author	   = "Wikipedia",
  title		   = "Adware --- Wikipedia{,} The Free Encyclopedia",
  year		   = 2015,
  url		   = "http://en.wikipedia.org/w/index.php?title=Adware&oldid=648275939",
}

@misc{ wiki:alignment,
  author	   = "Wikipedia",
  title		   = "Data structure alignment --- Wikipedia{,} The Free Encyclopedia",
  year		   = 2014,
  url		   =
                  "http://en.wikipedia.org/w/index.php?title=Data\_structure\_alignment&oldid=627790068",
}

@misc{ wiki:arp,
  author	   = "Wikipedia",
  title		   = "Address Resolution Protocol --- Wikipedia{,} The Free Encyclopedia",
  year		   = 2015,
  url		   =
                  "http://en.wikipedia.org/w/index.php?title=Address\_Resolution\_Protocol&oldid=647148843",
}

@misc{ wiki:arq,
  author	   = "Wikipedia",
  title		   = "Automatic repeat request --- Wikipedia{,} The Free Encyclopedia",
  year		   = 2014,
  url		   =
                  "http://en.wikipedia.org/w/index.php?title=Automatic\_repeat\_request&oldid=622288045",
}

@misc{ wiki:assembler,
  author	   = "Wikipedia",
  title		   = "Assembly language --- Wikipedia{,} The Free Encyclopedia",
  year		   = 2015,
  url		   =
                  "http://en.wikipedia.org/w/index.php?title=Assembly\_language&oldid=661185928",
}

@misc{ wiki:avl-tree,
  author	   = "Wikipedia",
  title		   = "AVL tree --- Wikipedia{,} The Free Encyclopedia",
  year		   = 2015,
  url		   = "http://en.wikipedia.org/w/index.php?title=AVL\_tree&oldid=650884975",
}

@misc{ wiki:baidu,
  author	   = "Wikipedia",
  title		   = "Baidu --- Wikipedia{,} The Free Encyclopedia",
  year		   = 2015,
  url		   = "http://en.wikipedia.org/w/index.php?title=Baidu&oldid=650739662",
}

@misc{ wiki:big-o,
  author	   = "Wikipedia",
  title		   = "Big O notation --- Wikipedia{,} The Free Encyclopedia",
  year		   = 2015,
  url		   =
                  "http://en.wikipedia.org/w/index.php?title=Big\_O\_notation&oldid=651019357",
}

@Misc{wiki:billjoy,
  author	   = {Wikipedia},
  title		   = {Bill Joy},
  url		   = {http://en.wikipedia.org/wiki/Bill\_Joy},
  year		   = 2012
}

@misc{ wiki:bin-search-tree,
  author	   = "Wikipedia",
  title		   = "Binary search tree --- Wikipedia{,} The Free Encyclopedia",
  year		   = 2015,
  url		   =
                  "http://en.wikipedia.org/w/index.php?title=Binary\_search\_tree&oldid=656820485",
}

@misc{ wiki:bin-tree,
  author	   = "Wikipedia",
  title		   = "Binary tree --- Wikipedia{,} The Free Encyclopedia",
  year		   = 2015,
  url		   = "http://en.wikipedia.org/w/index.php?title=Binary\_tree&oldid=654913647",
}

@misc{ wiki:bt,
  author	   = "Wikipedia",
  title		   = "BitTorrent --- Wikipedia{,} The Free Encyclopedia",
  year		   = 2015,
  url		   = "http://en.wikipedia.org/w/index.php?title=BitTorrent&oldid=648034964",
}

@Misc{wiki:call-stack,
  author	   = {Wikipedia},
  title		   = {Call stack},
  url		   = {http://en.wikipedia.org/wiki/Call\_stack},
}

@misc{ wiki:callingconvention,
  author	   = "Wikipedia",
  title		   = "Calling convention --- Wikipedia{,} The Free Encyclopedia",
  year		   = 2015,
  url		   =
                  "http://en.wikipedia.org/w/index.php?title=Calling\_convention&oldid=650623807",
}

@misc{ wiki:callstack,
  author	   = "Wikipedia",
  title		   = "Call stack --- Wikipedia{,} The Free Encyclopedia",
  year		   = 2015,
  url		   = "http://en.wikipedia.org/w/index.php?title=Call\_stack&oldid=644914355",
}

@misc{ wiki:checksum,
  author	   = "Wikipedia",
  title		   = "Checksum --- Wikipedia{,} The Free Encyclopedia",
  year		   = 2015,
  url		   = "http://en.wikipedia.org/w/index.php?title=Checksum&oldid=645584712",
}

@misc{ wiki:cidr,
  author	   = "Wikipedia",
  title		   = "Classless Inter-Domain Routing --- Wikipedia{,} The Free Encyclopedia",
  year		   = 2015,
  url		   =
                  "http://en.wikipedia.org/w/index.php?title=Classless\_Inter-Domain\_Routing&oldid=641285826",
}

@misc{ wiki:circular-buf,
  author	   = "Wikipedia",
  title		   = "Circular buffer --- Wikipedia{,} The Free Encyclopedia",
  year		   = 2015,
  url		   =
                  "http://en.wikipedia.org/w/index.php?title=Circular\_buffer&oldid=656496379",
}

@Misc{wiki:cloudcomputing,
  author	   = {Wikipedia},
  title		   = {Cloud computing},
  url		   = {http://en.wikipedia.org/wiki/Cloud\_computing},
  year		   = 2012
}

@misc{ wiki:compiler,
  author	   = "Wikipedia",
  title		   = "Compiler --- Wikipedia{,} The Free Encyclopedia",
  year		   = 2015,
  url		   = "http://en.wikipedia.org/w/index.php?title=Compiler&oldid=661266598",
}

@misc{ wiki:connectionless,
  author	   = "Wikipedia",
  title		   = "Connectionless communication --- Wikipedia{,} The Free Encyclopedia",
  year		   = 2014,
  url		   =
                  "http://en.wikipedia.org/w/index.php?title=Connectionless\_communication&oldid=612206696",
}

@misc{ wiki:connectionoriented,
  author	   = "Wikipedia",
  title		   = "Connection-oriented communication --- Wikipedia{,} The Free
                  Encyclopedia",
  year		   = 2015,
  url		   =
                  "http://en.wikipedia.org/w/index.php?title=Connection-oriented\_communication&oldid=646326561",
}

@misc{ wiki:cookie,
  author	   = "Wikipedia",
  title		   = "HTTP cookie --- Wikipedia{,} The Free Encyclopedia",
  year		   = 2015,
  url		   = "http://en.wikipedia.org/w/index.php?title=HTTP\_cookie&oldid=648216857",
}

@misc{ wiki:csmacd,
  author	   = "Wikipedia",
  title		   = "Carrier sense multiple access with collision detection --- Wikipedia{,}
                  The Free Encyclopedia",
  year		   = 2015,
  url		   =
                  "http://en.wikipedia.org/w/index.php?title=Carrier\_sense\_multiple\_access\_with\_collision\_detection&oldid=648771859",
}

@misc{ wiki:dag,
  author	   = "Wikipedia",
  title		   = "Directed acyclic graph --- Wikipedia{,} The Free Encyclopedia",
  year		   = 2015,
  url		   =
                  "http://en.wikipedia.org/w/index.php?title=Directed\_acyclic\_graph&oldid=654052259",
}

@misc{ wiki:deadlock,
  author	   = "Wikipedia",
  title		   = "Deadlock --- Wikipedia{,} The Free Encyclopedia",
  year		   = 2015,
  url		   = "http://en.wikipedia.org/w/index.php?title=Deadlock&oldid=645602687",
}

@misc{ wiki:dhcp,
  author	   = "Wikipedia",
  title		   = "Dynamic Host Configuration Protocol --- Wikipedia{,} The Free
                  Encyclopedia",
  year		   = 2015,
  url		   =
                  "http://en.wikipedia.org/w/index.php?title=Dynamic\_Host\_Configuration\_Protocol&oldid=646496399",
}

@misc{ wiki:dining-phil,
  author	   = "Wikipedia",
  title		   = "Dining philosophers problem --- Wikipedia{,} The Free Encyclopedia",
  year		   = 2015,
  url		   =
                  "http://en.wikipedia.org/w/index.php?title=Dining\_philosophers\_problem&oldid=661249105",
}

@misc{ wiki:disk,
  author	   = "Wikipedia",
  title		   = "Hard disk drive --- Wikipedia{,} The Free Encyclopedia",
  year		   = 2015,
  url		   =
                  "http://en.wikipedia.org/w/index.php?title=Hard\_disk\_drive&oldid=648161868",
}

@misc{ wiki:dns,
  author	   = "Wikipedia",
  title		   = "Domain Name System --- Wikipedia{,} The Free Encyclopedia",
  year		   = 2015,
  url		   =
                  "http://en.wikipedia.org/w/index.php?title=Domain\_Name\_System&oldid=656963793",
}

@Misc{wiki:driver,
  author	   = {Wikipedia},
  title		   = {Device driver},
  url		   = {http://en.wikipedia.org/wiki/Device\_driver},
  month		   = 9,
  year		   = 2012
}

@misc{wiki:dynamic-linker,
  author	   = "Wikipedia",
  title		   = "Dynamic linker --- Wikipedia{,} The Free Encyclopedia",
  year		   = 2012,
  url		   =
                  "http://en.wikipedia.org/w/index.php?title=Dynamic\_linker&oldid=517400345",
}

@misc{ wiki:e820,
  author	   = "Wikipedia",
  title		   = "E820 --- Wikipedia{,} The Free Encyclopedia",
  year		   = 2013,
  url		   = "http://en.wikipedia.org/w/index.php?title=E820&oldid=545269170",
}

@misc{ wiki:eflags,
  author	   = "Wikipedia",
  title		   = "FLAGS register --- Wikipedia{,} The Free Encyclopedia",
  year		   = 2015,
  url		   =
                  "http://en.wikipedia.org/w/index.php?title=FLAGS\_register&oldid=645323667",
}

@misc{ wiki:elf,
  author	   = "Wikipedia",
  title		   = "Executable and Linkable Format --- Wikipedia{,} The Free Encyclopedia",
  year		   = 2015,
  url		   =
                  "http://en.wikipedia.org/w/index.php?title=Executable\_and\_Linkable\_Format&oldid=659380509",
}

@misc{ wiki:embeddedsystem,
  author	   = "Wikipedia",
  title		   = "Embedded system --- Wikipedia{,} The Free Encyclopedia",
  year		   = 2015,
  url		   =
                  "http://en.wikipedia.org/w/index.php?title=Embedded\_system&oldid=657300620",
}

@misc{ wiki:endianness,
  author	   = "Wikipedia",
  title		   = "Endianness --- Wikipedia{,} The Free Encyclopedia",
  year		   = 2015,
  url		   = "http://en.wikipedia.org/w/index.php?title=Endianness&oldid=654008462",
}

@misc{ wiki:ethernet,
  author	   = "Wikipedia",
  title		   = "Ethernet --- Wikipedia{,} The Free Encyclopedia",
  year		   = 2015,
  url		   = "http://en.wikipedia.org/w/index.php?title=Ethernet&oldid=648082976",
}

@misc{ wiki:ethframe,
  author	   = "Wikipedia",
  title		   = "Ethernet frame --- Wikipedia{,} The Free Encyclopedia",
  year		   = 2015,
  url		   =
                  "http://en.wikipedia.org/w/index.php?title=Ethernet\_frame&oldid=653337888",
}

@misc{ wiki:evil,
  author	   = "Wikipedia",
  title		   = "Don't be evil --- Wikipedia{,} The Free Encyclopedia",
  year		   = 2015,
  url		   =
                  "http://en.wikipedia.org/w/index.php?title=Don%27t\_be\_evil&oldid=650206338",
}

@misc{ wiki:exttwo,
  author	   = "Wikipedia",
  title		   = "Ext2 --- Wikipedia{,} The Free Encyclopedia",
  year		   = 2015,
  url		   = "http://en.wikipedia.org/w/index.php?title=Ext2&oldid=642312602",
}

@misc{ wiki:fat,
  author	   = "Wikipedia",
  title		   = "File Allocation Table --- Wikipedia{,} The Free Encyclopedia",
  year		   = 2015,
  url		   =
                  "http://en.wikipedia.org/w/index.php?title=File\_Allocation\_Table&oldid=661104239",
}

@misc{ wiki:fd,
  author	   = "Wikipedia",
  title		   = "File descriptor --- Wikipedia{,} The Free Encyclopedia",
  year		   = 2015,
  url		   =
                  "http://en.wikipedia.org/w/index.php?title=File\_descriptor&oldid=661810398",
}

@misc{ wiki:file,
  author	   = "Wikipedia",
  title		   = "Computer file --- Wikipedia{,} The Free Encyclopedia",
  year		   = 2015,
  url		   = "http://en.wikipedia.org/w/index.php?title=Computer\_file&oldid=647724614",
}

@misc{ wiki:fs,
  author	   = "Wikipedia",
  title		   = "File system --- Wikipedia{,} The Free Encyclopedia",
  year		   = 2015,
  url		   = "http://en.wikipedia.org/w/index.php?title=File\_system&oldid=646603121",
}

@misc{ wiki:ftp,
    author = "{Wikipedia contributors}",
    title = "File Transfer Protocol --- {Wikipedia}{,} The Free Encyclopedia",
    year = 2020,
    url = {https://en.wikipedia.org/w/index.php?title=File_Transfer_Protocol&oldid=993512680},
  }

@misc{ wiki:gbn,
  author	   = "Wikipedia",
  title		   = "Go-Back-N ARQ --- Wikipedia{,} The Free Encyclopedia",
  year		   = 2014,
  url		   = "http://en.wikipedia.org/w/index.php?title=Go-Back-N\_ARQ&oldid=627308721",
}

@misc{ wiki:gdt,
  author	   = "Wikipedia",
  title		   = "Global Descriptor Table --- Wikipedia{,} The Free Encyclopedia",
  year		   = 2014,
  url		   =
                  "http://en.wikipedia.org/w/index.php?title=Global\_Descriptor\_Table&oldid=623971141",
}

@misc{ wiki:google,
  author	   = "Wikipedia",
  title		   = "Google --- Wikipedia{,} The Free Encyclopedia",
  year		   = 2015,
  url		   = "http://en.wikipedia.org/w/index.php?title=Google&oldid=649655452",
}

@misc{ wiki:googleproducts,
  author	   = "Wikipedia",
  title		   = "List of Google products --- Wikipedia{,} The Free Encyclopedia",
  year		   = 2015,
  url		   =
                  "http://en.wikipedia.org/w/index.php?title=List\_of\_Google\_products&oldid=649748144",
}

@misc{ wiki:gpu,
  author	   = "Wikipedia",
  title		   = "Graphics processing unit --- Wikipedia{,} The Free Encyclopedia",
  year		   = 2015,
  url		   =
                  "http://en.wikipedia.org/w/index.php?title=Graphics\_processing\_unit&oldid=661524609",
}

@misc{ wiki:html,
  author	   = "Wikipedia",
  title		   = "HTML --- Wikipedia{,} The Free Encyclopedia",
  year		   = 2015,
  url		   = "http://en.wikipedia.org/w/index.php?title=HTML&oldid=648021866",
}

@misc{ wiki:http,
  author	   = "Wikipedia",
  title		   = "Hypertext Transfer Protocol --- Wikipedia{,} The Free Encyclopedia",
  year		   = 2015,
  url		   =
                  "http://en.wikipedia.org/w/index.php?title=Hypertext\_Transfer\_Protocol&oldid=648108367",
}

@misc{ wiki:httpcookie,
  author	   = "Wikipedia",
  title		   = "HTTP cookie --- Wikipedia{,} The Free Encyclopedia",
  year		   = 2015,
  url		   = "http://en.wikipedia.org/w/index.php?title=HTTP\_cookie&oldid=647828301",
}

@misc{ wiki:httptwo,
  author	   = "Wikipedia",
  title		   = "HTTP/2 --- Wikipedia{,} The Free Encyclopedia",
  year		   = 2015,
  url		   = "http://en.wikipedia.org/w/index.php?title=HTTP/2&oldid=648155546",
}

@misc{ wiki:icmp,
  author	   = "Wikipedia",
  title		   = "Internet Control Message Protocol --- Wikipedia{,} The Free
                  Encyclopedia",
  year		   = 2015,
  url		   =
                  "http://en.wikipedia.org/w/index.php?title=Internet\_Control\_Message\_Protocol&oldid=643163514",
}

@misc{ wiki:idt,
  author	   = "Wikipedia",
  title		   = "Interrupt descriptor table --- Wikipedia{,} The Free Encyclopedia",
  year		   = 2014,
  url		   =
                  "http://en.wikipedia.org/w/index.php?title=Interrupt\_descriptor\_table&oldid=622465896",
}

@misc{ wiki:ie,
  author	   = "Wikipedia",
  title		   = "Internet Explorer --- Wikipedia{,} The Free Encyclopedia",
  year		   = 2015,
  url		   =
                  "http://en.wikipedia.org/w/index.php?title=Internet\_Explorer&oldid=649893090",
}

@misc{ wiki:imap,
  author	   = "Wikipedia",
  title		   = "Internet Message Access Protocol --- Wikipedia{,} The Free Encyclopedia",
  year		   = 2015,
  url		   =
                  "http://en.wikipedia.org/w/index.php?title=Internet\_Message\_Access\_Protocol&oldid=647958613",
}

@misc{ wiki:inline-asm,
  author	   = "Wikipedia",
  title		   = "Inline assembler --- Wikipedia{,} The Free Encyclopedia",
  year		   = 2015,
  url		   =
                  "http://en.wikipedia.org/w/index.php?title=Inline\_assembler&oldid=650502959",
}

@misc{ wiki:inlinefunction,
  author	   = "Wikipedia",
  title		   = "Inline function --- Wikipedia{,} The Free Encyclopedia",
  year		   = 2015,
  url		   =
                  "http://en.wikipedia.org/w/index.php?title=Inline\_function&oldid=651556435",
}

@misc{ wiki:inode,
  author	   = "Wikipedia",
  title		   = "Inode --- Wikipedia{,} The Free Encyclopedia",
  year		   = 2015,
  url		   = "http://en.wikipedia.org/w/index.php?title=Inode&oldid=647736522",
}

@misc{ wiki:interrupt,
  author	   = "Wikipedia",
  title		   = "Interrupt --- Wikipedia{,} The Free Encyclopedia",
  year		   = 2015,
  url		   = "http://en.wikipedia.org/w/index.php?title=Interrupt&oldid=646521061",
}

@misc{ wiki:io,
  author	   = "Wikipedia",
  title		   = "Input/output --- Wikipedia{,} The Free Encyclopedia",
  year		   = 2015,
  url		   = "http://en.wikipedia.org/w/index.php?title=Input/output&oldid=646503450",
}

@misc{ wiki:ip,
  author	   = "Wikipedia",
  title		   = "Internet Protocol --- Wikipedia{,} The Free Encyclopedia",
  year		   = 2015,
  url		   =
                  "http://en.wikipedia.org/w/index.php?title=Internet\_Protocol&oldid=645719875",
}

@misc{ wiki:ipaddr,
  author	   = "Wikipedia",
  title		   = "IP address --- Wikipedia{,} The Free Encyclopedia",
  year		   = 2015,
  url		   = "http://en.wikipedia.org/w/index.php?title=IP\_address&oldid=651153507",
}

@misc{ wiki:ipc,
  author	   = "Wikipedia",
  title		   = "Inter-process communication --- Wikipedia{,} The Free Encyclopedia",
  year		   = 2015,
  url		   =
                  "http://en.wikipedia.org/w/index.php?title=Inter-process\_communication&oldid=645037874",
}

@misc{ wiki:iptables,
  author	   = "Wikipedia contributors",
  title		   = "Iptables --- Wikipedia{,} The Free Encyclopedia",
  year		   = 2017,
  url		   = "https://en.wikipedia.org/w/index.php?title=Iptables&oldid=817424711",
}

@misc{ wiki:ipv4,
  author	   = "Wikipedia",
  title		   = "IPv4 --- Wikipedia{,} The Free Encyclopedia",
  year		   = 2015,
  url		   = "http://en.wikipedia.org/w/index.php?title=IPv4&oldid=646502736",
}

@misc{ wiki:ipv4hdrchksum,
  author	   = "Wikipedia",
  title		   = "IPv4 header checksum --- Wikipedia{,} The Free Encyclopedia",
  year		   = 2015,
  url		   =
                  "http://en.wikipedia.org/w/index.php?title=IPv4\_header\_checksum&oldid=645516564",
}

@misc{ wiki:ipv4subnetref,
  author	   = "Wikipedia",
  title		   = "IPv4 subnetting reference --- Wikipedia{,} The Free Encyclopedia",
  year		   = 2015,
  url		   =
                  "http://en.wikipedia.org/w/index.php?title=IPv4\_subnetting\_reference&oldid=652583338",
}

@misc{ wiki:ipv6,
  author	   = "Wikipedia",
  title		   = "IPv6 --- Wikipedia{,} The Free Encyclopedia",
  year		   = 2015,
  url		   = "http://en.wikipedia.org/w/index.php?title=IPv6&oldid=648071002",
}

@misc{ wiki:ipv6addr,
  author	   = "Wikipedia",
  title		   = "IPv6 address --- Wikipedia{,} The Free Encyclopedia",
  year		   = 2015,
  url		   = "http://en.wikipedia.org/w/index.php?title=IPv6\_address&oldid=645435688",
}

@misc{ wiki:ipv6pkt,
  author	   = "Wikipedia",
  title		   = "IPv6 packet --- Wikipedia{,} The Free Encyclopedia",
  year		   = 2015,
  url		   = "http://en.wikipedia.org/w/index.php?title=IPv6\_packet&oldid=651199118",
}

@misc{ wiki:kernel-oops,
  author	   = "Wikipedia",
  title		   = "Linux kernel oops --- Wikipedia{,} The Free Encyclopedia",
  year		   = 2014,
  url		   =
                  "http://en.wikipedia.org/w/index.php?title=Linux\_kernel\_oops&oldid=636894004",
}

@misc{ wiki:lamp,
  author	   = "Wikipedia",
  title		   = "LAMP (software bundle) --- Wikipedia{,} The Free Encyclopedia",
  year		   = 2015,
  url		   =
                  "http://en.wikipedia.org/w/index.php?title=LAMP\_(software\_bundle)&oldid=646364288",
}

@misc{ wiki:lanswitching,
  author	   = "Wikipedia",
  title		   = "LAN switching --- Wikipedia{,} The Free Encyclopedia",
  year		   = 2015,
  url		   = "http://en.wikipedia.org/w/index.php?title=LAN\_switching&oldid=651228780",
}

@misc{ wiki:linker,
  author	   = "Wikipedia",
  title		   = "Linker (computing) --- Wikipedia{,} The Free Encyclopedia",
  year		   = 2015,
  url		   =
                  "http://en.wikipedia.org/w/index.php?title=Linker\_(computing)&oldid=652892136",
}

@misc{ wiki:linux,
  author	   = "Wikipedia",
  title		   = "Linux --- Wikipedia{,} The Free Encyclopedia",
  year		   = 2016,
  url		   = "https://en.wikipedia.org/w/index.php?title=Linux&oldid=731004764",
}

@Misc{wiki:linux-startup-process,
  author	   = {Wikipedia},
  year		   = 2012,
  title		   = {Linux startup process},
  url		   = {http://en.wikipedia.org/wiki/Linux\_startup\_process}
}

@misc{wiki:loader,
  author	   = "Wikipedia",
  title		   = "Loader (computing) --- Wikipedia{,} The Free Encyclopedia",
  year		   = 2012,
  url		   =
                  "http://en.wikipedia.org/w/index.php?title=Loader\_(computing)&oldid=520743198",
}

@misc{wiki:machinecode,
  author	   = "Wikipedia",
  title		   = "Machine code --- Wikipedia{,} The Free Encyclopedia",
  year		   = 2012,
  url		   = "http://en.wikipedia.org/w/index.php?title=Machine\_code&oldid=517282884",
}

@Misc{wiki:macosx,
  author	   = {Wikipedia},
  title		   = {Mac OS X},
  url		   = {http://en.wikipedia.org/wiki/Mac\_OS\_X},
  year		   = 2012
}

@misc{ wiki:malloc,
  author	   = "Wikipedia",
  title		   = "C dynamic memory allocation --- Wikipedia{,} The Free Encyclopedia",
  year		   = 2015,
  url		   =
                  "http://en.wikipedia.org/w/index.php?title=C\_dynamic\_memory\_allocation&oldid=658580417",
}

@misc{ wiki:malware,
  author	   = "Wikipedia",
  title		   = "Malware --- Wikipedia{,} The Free Encyclopedia",
  year		   = 2015,
  url		   = "http://en.wikipedia.org/w/index.php?title=Malware&oldid=650004623",
}

@Misc{wiki:memory,
  author	   = {Wikipedia},
  title		   = {Computer memory},
  url		   = {http://en.wikipedia.org/wiki/Computer\_memory},
  year		   = 2012
}

@misc{ wiki:mime,
  author	   = "Wikipedia",
  title		   = "MIME --- Wikipedia{,} The Free Encyclopedia",
  year		   = 2015,
  url		   = "http://en.wikipedia.org/w/index.php?title=MIME&oldid=644193928",
}

@misc{ wiki:minix,
  author	   = "Wikipedia",
  title		   = "MINIX --- Wikipedia{,} The Free Encyclopedia",
  year		   = 2016,
  url		   = "https://en.wikipedia.org/w/index.php?title=MINIX&oldid=727874882",
}

@misc{ wiki:mm,
  author	   = "Wikipedia",
  title		   = "Memory management --- Wikipedia{,} The Free Encyclopedia",
  year		   = 2015,
  url		   =
                  "http://en.wikipedia.org/w/index.php?title=Memory\_management&oldid=647917932",
}

@misc{ wiki:mss,
  author	   = "Wikipedia",
  title		   = "Maximum segment size --- Wikipedia{,} The Free Encyclopedia",
  year		   = 2015,
  url		   =
                  "http://en.wikipedia.org/w/index.php?title=Maximum\_segment\_size&oldid=651346560",
}

@misc{ wiki:nat,
  author	   = "Wikipedia",
  title		   = "Network address translation --- Wikipedia{,} The Free Encyclopedia",
  year		   = 2015,
  url		   =
                  "http://en.wikipedia.org/w/index.php?title=Network\_address\_translation&oldid=652836698",
}

@misc{ wiki:netarch,
  author	   = "Wikipedia",
  title		   = "Network architecture --- Wikipedia{,} The Free Encyclopedia",
  year		   = 2015,
  url		   =
                  "http://en.wikipedia.org/w/index.php?title=Network\_architecture&oldid=646400753",
}

@misc{ wiki:network,
  author	   = "Wikipedia",
  title		   = "Computer network --- Wikipedia{,} The Free Encyclopedia",
  year		   = 2015,
  url		   =
                  "http://en.wikipedia.org/w/index.php?title=Computer\_network&oldid=647677143",
}

@misc{ wiki:open,
  author	   = "Wikipedia",
  title		   = "Open (system call) --- Wikipedia{,} The Free Encyclopedia",
  year		   = 2014,
  url		   =
                  "http://en.wikipedia.org/w/index.php?title=Open\_(system\_call)&oldid=611838618",
}

@misc{ wiki:os,
  author	   = "Wikipedia",
  title		   = "Operating system --- Wikipedia{,} The Free Encyclopedia",
  year		   = 2015,
  url		   =
                  "http://en.wikipedia.org/w/index.php?title=Operating\_system&oldid=657463119",
}

@misc{ wiki:page-replace,
  author	   = "Wikipedia",
  title		   = "Page replacement algorithm --- Wikipedia{,} The Free Encyclopedia",
  year		   = 2015,
  url		   =
                  "http://en.wikipedia.org/w/index.php?title=Page\_replacement\_algorithm&oldid=656936753",
}

@misc{ wiki:pcb,
  author	   = "Wikipedia",
  title		   = "Process control block --- Wikipedia{,} The Free Encyclopedia",
  year		   = 2015,
  url		   =
                  "http://en.wikipedia.org/w/index.php?title=Process\_control\_block&oldid=646933587",
}

@misc{ wiki:peterson,
  author	   = "Wikipedia",
  title		   = "Peterson's algorithm --- Wikipedia{,} The Free Encyclopedia",
  year		   = 2015,
  url		   =
                  "http://en.wikipedia.org/w/index.php?title=Peterson%27s\_algorithm&oldid=646078826",
}

@misc{ wiki:pop,
  author	   = "Wikipedia",
  title		   = "Post Office Protocol --- Wikipedia{,} The Free Encyclopedia",
  year		   = 2015,
  url		   =
                  "http://en.wikipedia.org/w/index.php?title=Post\_Office\_Protocol&oldid=645436521",
}

@misc{ wiki:privatenet,
  author	   = "Wikipedia",
  title		   = "Private network --- Wikipedia{,} The Free Encyclopedia",
  year		   = 2015,
  url		   =
                  "http://en.wikipedia.org/w/index.php?title=Private\_network&oldid=649931709",
}

@misc{ wiki:process,
  author	   = "Wikipedia",
  title		   = "Process (computing) --- Wikipedia{,} The Free Encyclopedia",
  year		   = 2014,
  url		   =
                  "http://en.wikipedia.org/w/index.php?title=Process\_(computing)&oldid=639847817",
}

@Misc{wiki:processmanagement,
  author	   = {Wikipedia},
  title		   = {Process management (computing)},
  url		   = {http://en.wikipedia.org/wiki/Process\_management\_(computing)},
  year		   = 2012
}

@Misc{wiki:program,
  author	   = {Wikipedia},
  title		   = {Computer program},
  url		   = {http://en.wikipedia.org/wiki/Computer\_program},
  year		   = 2012
}

@misc{wiki:protectedmode,
  author	   = {Wikipedia},
  title		   = {what is Protected\_mode --- Wikipedia{,} The Free Encyclopedia},
  year		   = 2015,
  url		   = {http://en.wikipedia.org/wiki/Protected\_mode}
}

@misc{ wiki:rbtree,
  author	   = "Wikipedia contributors",
  title		   = "Red–black tree --- Wikipedia{,} The Free Encyclopedia",
  year		   = 2018,
  url		   =
                  "https://en.wikipedia.org/w/index.php?title=Red%E2%80%93black\_tree&oldid=823322569",
}

@misc{ wiki:realmode,
  author	   = "Wikipedia",
  title		   = "Real mode --- Wikipedia{,} The Free Encyclopedia",
  year		   = 2015,
  url		   = "http://en.wikipedia.org/w/index.php?title=Real\_mode&oldid=651626957",
}

@misc{ wiki:router,
  author	   = "Wikipedia",
  title		   = "Router (computing) --- Wikipedia{,} The Free Encyclopedia",
  year		   = 2015,
  url		   =
                  "http://en.wikipedia.org/w/index.php?title=Router\_(computing)&oldid=646784918",
}

@misc{ wiki:routingtable,
  author	   = "Wikipedia",
  title		   = "Routing table --- Wikipedia{,} The Free Encyclopedia",
  year		   = 2015,
  url		   = "http://en.wikipedia.org/w/index.php?title=Routing\_table&oldid=644938703",
}

@misc{ wiki:rst-vector,
  author	   = "Wikipedia",
  title		   = "Reset vector --- Wikipedia{,} The Free Encyclopedia",
  year		   = 2015,
  url		   = "http://en.wikipedia.org/w/index.php?title=Reset\_vector&oldid=645988149",
}

@misc{ wiki:sched,
  author	   = "Wikipedia",
  title		   = "Scheduling (computing) --- Wikipedia{,} The Free Encyclopedia",
  year		   = 2015,
  url		   =
                  "http://en.wikipedia.org/w/index.php?title=Scheduling\_(computing)&oldid=647892123",
}

@misc{ wiki:semaphore,
  author	   = "Wikipedia",
  title		   = "Semaphore (programming) --- Wikipedia{,} The Free Encyclopedia",
  year		   = 2015,
  url		   =
                  "http://en.wikipedia.org/w/index.php?title=Semaphore\_(programming)&oldid=647556304",
}

@misc{ wiki:signal,
  author	   = "Wikipedia",
  title		   = "Unix signal --- Wikipedia{,} The Free Encyclopedia",
  year		   = 2015,
  url		   = "http://en.wikipedia.org/w/index.php?title=Unix\_signal&oldid=647945611",
}

@misc{ wiki:slidewin,
  author	   = "Wikipedia",
  title		   = "Sliding window protocol --- Wikipedia{,} The Free Encyclopedia",
  year		   = 2015,
  url		   =
                  "http://en.wikipedia.org/w/index.php?title=Sliding\_window\_protocol&oldid=646594213",
}

@misc{ wiki:smtp,
  author	   = "Wikipedia",
  title		   = "Simple Mail Transfer Protocol --- Wikipedia{,} The Free Encyclopedia",
  year		   = 2015,
  url		   =
                  "http://en.wikipedia.org/w/index.php?title=Simple\_Mail\_Transfer\_Protocol&oldid=646541423",
}

@misc{ wiki:socket,
  author	   = "Wikipedia",
  title		   = "Network socket --- Wikipedia{,} The Free Encyclopedia",
  year		   = 2015,
  url		   =
                  "http://en.wikipedia.org/w/index.php?title=Network\_socket&oldid=643452418",
}

@misc{ wiki:spyware,
  author	   = "Wikipedia",
  title		   = "Spyware --- Wikipedia{,} The Free Encyclopedia",
  year		   = 2015,
  url		   = "http://en.wikipedia.org/w/index.php?title=Spyware&oldid=650787662",
}

@misc{ wiki:sr,
  author	   = "Wikipedia",
  title		   = "Selective Repeat ARQ --- Wikipedia{,} The Free Encyclopedia",
  year		   = 2015,
  url		   =
                  "http://en.wikipedia.org/w/index.php?title=Selective\_Repeat\_ARQ&oldid=648646542",
}

@misc{ wiki:stateless,
  author	   = "Wikipedia",
  title		   = "Stateless protocol --- Wikipedia{,} The Free Encyclopedia",
  year		   = 2015,
  url		   =
                  "http://en.wikipedia.org/w/index.php?title=Stateless\_protocol&oldid=645610703",
}

@Misc{wiki:storedprogramcomputer,
  author	   = {Wikipedia},
  title		   = {Stored-program computer},
  url		   = {http://en.wikipedia.org/wiki/Stored-program\_computer},
  year		   = 2012
}

@misc{ wiki:stp,
  author	   = "Wikipedia",
  title		   = "Spanning Tree Protocol --- Wikipedia{,} The Free Encyclopedia",
  year		   = 2015,
  url		   =
                  "http://en.wikipedia.org/w/index.php?title=Spanning\_Tree\_Protocol&oldid=651745418",
}

@misc{ wiki:subnet,
  author	   = "Wikipedia",
  title		   = "Subnetwork --- Wikipedia{,} The Free Encyclopedia",
  year		   = 2015,
  url		   = "http://en.wikipedia.org/w/index.php?title=Subnetwork&oldid=645854808",
}

@misc{ wiki:switch,
  author	   = "Wikipedia",
  title		   = "Network switch --- Wikipedia{,} The Free Encyclopedia",
  year		   = 2015,
  url		   =
                  "http://en.wikipedia.org/w/index.php?title=Network\_switch&oldid=646928384",
}

@misc{ wiki:syscall,
  author	   = "Wikipedia",
  title		   = "System call --- Wikipedia{,} The Free Encyclopedia",
  year		   = 2015,
  url		   = "http://en.wikipedia.org/w/index.php?title=System\_call&oldid=647910319",
}

@misc{ wiki:tcp,
  author	   = "Wikipedia",
  title		   = "Transmission Control Protocol --- Wikipedia{,} The Free Encyclopedia",
  year		   = 2015,
  url		   =
                  "http://en.wikipedia.org/w/index.php?title=Transmission\_Control\_Protocol&oldid=647944260",
}

@misc{ wiki:tcpip,
  author	   = "Wikipedia",
  title		   = "Internet protocol suite --- Wikipedia{,} The Free Encyclopedia",
  year		   = 2015,
  url		   =
                  "http://en.wikipedia.org/w/index.php?title=Internet\_protocol\_suite&oldid=647730161",
}

@misc{ wiki:thread,
  author	   = "Wikipedia",
  title		   = "Thread (computing) --- Wikipedia{,} The Free Encyclopedia",
  year		   = 2015,
  url		   =
                  "http://en.wikipedia.org/w/index.php?title=Thread\_(computing)&oldid=648172980",
}

@misc{ wiki:topo,
  author	   = "Wikipedia",
  title		   = "Network topology --- Wikipedia{,} The Free Encyclopedia",
  year		   = 2015,
  url		   =
                  "http://en.wikipedia.org/w/index.php?title=Network\_topology&oldid=650723398",
}

@misc{ wiki:tree,
  author	   = "Wikipedia",
  title		   = "Tree (data structure) --- Wikipedia{,} The Free Encyclopedia",
  year		   = 2015,
  url		   =
                  "http://en.wikipedia.org/w/index.php?title=Tree\_(data\_structure)&oldid=655387023",
}

@misc{ wiki:trojan,
  author	   = "Wikipedia",
  title		   = "Trojan horse (computing) --- Wikipedia{,} The Free Encyclopedia",
  year		   = 2015,
  url		   =
                  "http://en.wikipedia.org/w/index.php?title=Trojan\_horse\_(computing)&oldid=650679154",
}

@misc{ wiki:tss,
  author	   = "Wikipedia",
  title		   = "Task state segment --- Wikipedia{,} The Free Encyclopedia",
  year		   = 2014,
  url		   =
                  "http://en.wikipedia.org/w/index.php?title=Task\_state\_segment&oldid=639965441",
}

@misc{ wiki:udp,
  author	   = "Wikipedia",
  title		   = "User Datagram Protocol --- Wikipedia{,} The Free Encyclopedia",
  year		   = 2015,
  url		   =
                  "http://en.wikipedia.org/w/index.php?title=User\_Datagram\_Protocol&oldid=643803508",
}

@misc{ wiki:unrealmode,
  author	   = "Wikipedia",
  title		   = "Unreal mode --- Wikipedia{,} The Free Encyclopedia",
  year		   = 2015,
  url		   = "http://en.wikipedia.org/w/index.php?title=Unreal\_mode&oldid=648580022",
}

@misc{ wiki:vfs,
  author	   = "Wikipedia",
  title		   = "Virtual file system --- Wikipedia{,} The Free Encyclopedia",
  year		   = 2014,
  url		   =
                  "http://en.wikipedia.org/w/index.php?title=Virtual\_file\_system&oldid=640354992",
}

@misc{ wiki:virus,
  author	   = "Wikipedia",
  title		   = "Computer virus --- Wikipedia{,} The Free Encyclopedia",
  year		   = 2015,
  url		   =
                  "http://en.wikipedia.org/w/index.php?title=Computer\_virus&oldid=650763583",
}

@misc{ wiki:vm,
  author	   = "Wikipedia",
  title		   = "Virtual memory --- Wikipedia{,} The Free Encyclopedia",
  year		   = 2015,
  url		   =
                  "http://en.wikipedia.org/w/index.php?title=Virtual\_memory&oldid=644430956",
}

@misc{ wiki:volatile,
  author	   = "Wikipedia",
  title		   = "Volatile (computer programming) --- Wikipedia{,} The Free Encyclopedia",
  year		   = 2015,
  url		   =
                  "http://en.wikipedia.org/w/index.php?title=Volatile\_(computer\_programming)&oldid=644262109",
}

@misc{wiki:von-neumann-arch,
  author	   = {Wikipedia},
  title		   = {Von neumann architecture --- Wikipedia{,} The Free Encyclopedia},
  year		   = 2007,
  url		   =
                  {http://en.wikipedia.org/w/index.php?title=Von\_neumann\_architecture&oldid=178300078},
}

@Misc{wiki:webos,
  author	   = {Wikipedia},
  title		   = {Web operating system},
  url		   = {http://en.wikipedia.org/wiki/Web\_operating\_system},
  year		   = 2012
}

@misc{ wiki:worm,
  author	   = "Wikipedia",
  title		   = "Computer worm --- Wikipedia{,} The Free Encyclopedia",
  year		   = 2015,
  url		   = "http://en.wikipedia.org/w/index.php?title=Computer\_worm&oldid=649547486",
}

@misc{ wiki:x86asm,
  author	   = "Wikipedia",
  title		   = "X86 assembly language --- Wikipedia{,} The Free Encyclopedia",
  year		   = 2015,
  url		   =
                  "http://en.wikipedia.org/w/index.php?title=X86\_assembly\_language&oldid=655458178",
}

@misc{ wiki:x86segmentation,
  author	   = "Wikipedia",
  title		   = "X86 memory segmentation --- Wikipedia{,} The Free Encyclopedia",
  year		   = 2015,
  url		   =
                  "http://en.wikipedia.org/w/index.php?title=X86\_memory\_segmentation&oldid=656948376",
}

@misc{wikipedia-dag,
  author	   = "Wikipedia",
  title		   = "Directed acyclic graph --- Wikipedia{,} The Free Encyclopedia",
  year		   = 2012,
  url		   =
                  "http://en.wikipedia.org/w/index.php?title=Directed\_acyclic\_graph&oldid=511071083",
}

@misc{wikipedia-debugsymbol,
  author	   = "Wikipedia",
  title		   = "Debug symbol --- Wikipedia{,} The Free Encyclopedia",
  year		   = 2012,
  url		   = "http://en.wikipedia.org/w/index.php?title=Debug\_symbol&oldid=502845516",
}

@misc{wikipedia-distributedfs,
  author	   = "Wikipedia",
  title		   = "Distributed file system --- Wikipedia{,} The Free Encyclopedia",
  year		   = 2012,
  url		   =
                  "http://en.wikipedia.org/w/index.php?title=Distributed\_file\_system&oldid=522984814",
}

@misc{wikipedia-inode,
  author	   = "Wikipedia",
  title		   = "Inode --- Wikipedia{,} The Free Encyclopedia",
  year		   = 2012,
  url		   = "http://en.wikipedia.org/w/index.php?title=Inode&oldid=520735071",
}

@misc{wikipedia-ldap,
  author	   = "Wikipedia",
  title		   = "Lightweight Directory Access Protocol --- Wikipedia{,} The Free
                  Encyclopedia",
  year		   = 2012,
  url		   =
                  "http://en.wikipedia.org/w/index.php?title=Lightweight\_Directory\_Access\_Protocol&oldid=523524127",
}

@misc{wikipedia-objectfile,
  author	   = "Wikipedia",
  title		   = "Object file --- Wikipedia{,} The Free Encyclopedia",
  year		   = 2012,
  url		   = "http://en.wikipedia.org/w/index.php?title=Object\_file&oldid=517916156",
}

@misc{wikipedia-relocation,
  author	   = "Wikipedia",
  title		   = "Relocation (computing) --- Wikipedia{,} The Free Encyclopedia",
  year		   = 2012,
  url		   =
                  "http://en.wikipedia.org/w/index.php?title=Relocation\_(computing)&oldid=509705944",
}
