/home/wx672/lecture_notes/bib/os.bib