@book{Bryant2010computersystems,
  author	   = {Bryant, Randal E. and O'Hallaron, David R.},
  title		   = {Computer Systems: A Programmer's Perspective},
  year		   = 2010,
  edition	   = 2,
  publisher	   = {Addison-Wesley},
  url		   = {https://cs3.swfu.edu.cn/tech/get/PDF/33/Calibre1}
}
@book{Kerrisk:2010:LPI:1869911,
 author = {Kerrisk, Michael},
 title = {The Linux Programming Interface: A Linux and UNIX System Programming Handbook},
 year = 2010,
 url = {http://cs3.swfu.edu.cn:8080/get/PDF/166/Calibre1},
 publisher = {No Starch Press},
}
@book{Love:2007:LSP:1205435,
 author = {Love, Robert},
 title = {Linux System Programming: Talking Directly to the Kernel and C Library},
 year = 2007,
 url = {http://cs3.swfu.edu.cn:8080/get/PDF/13/Calibre1},
 publisher = {O'Reilly Media, Inc.},
}
@book{cooper10bash,
  title		   = {Advanced Bash Scripting Guide 5.3 Volume 1},
  author	   = {Mendel Cooper},
  year		   = 2010,
  publisher	   = {Lulu.com},
  url = {https://www.tldp.org/LDP/abs/html/}
}

@Book{cs241,
  author 	   = {B. Venkatesh and L. Angrave and et Al.},
  title 	   = {CS241 System Programming Coursebook},
  year 	   = 2019,
  publisher = {University of Illinois},
  url 	   = {http://cs241.cs.illinois.edu/coursebook/index.html}}

@book{levine2000linkers,
  title		   = {Linkers and Loaders},
  author	   = {Levine, J.R.},
  isbn		   = 9781558604964,
  lccn		   = 99047127,
  series	   = {Operating Systems Series},
  url		   = {https://cs3.swfu.edu.cn/tech/get/PDF/36/Calibre1},
  year		   = 2000,
  publisher	   = {Morgan Kaufmann}
}
@book{matthew2008beginning,
  title		   = {Beginning linux programming},
  author	   = {Matthew, Neil and Stones, Richard},
  year		   = 2008,
  edition = 4,
  url		   = {https://cs3.swfu.edu.cn/tech/get/PDF/39/Calibre1},
  publisher	   = {John Wiley \& Sons}
}

@book{raymond2003art,
  title		   = {The art of Unix programming},
  author	   = {Raymond, Eric S},
  year		   = 2003,
  url		   = {https://cs3.swfu.edu.cn/tech/get/PDF/15/Calibre1},
  publisher	   = {Addison-Wesley}
}

@book{stevens2013advanced,
  title		   = {Advanced programming in the UNIX environment},
  author	   = {Stevens, W Richard and Rago, Stephen A},
  year		   = 2013,
  url		   = {https://cs3.swfu.edu.cn/tech/get/PDF/145/Calibre1},
  publisher	   = {Addison-Wesley}
}
@book{tanenbaum2015modern,
  author	   = {Tanenbaum, Andrew S.},
  title		   = {Modern Operating Systems},
  url		   = {https://cs3.swfu.edu.cn/tech/get/PDF/4/Calibre1},
  year		   = 2015,
  edition	   = 4,
  publisher	   = {Prentice Hall Press}
}

@misc{ wiki:assembler,
  author	   = "Wikipedia",
  title		   = "Assembly language --- Wikipedia{,} The Free Encyclopedia",
  year		   = 2015,
  url		   =
                  "http://en.wikipedia.org/w/index.php?title=Assembly_language&oldid=661185928",
}
@misc{ wiki:compiler,
  author	   = "Wikipedia",
  title		   = "Compiler --- Wikipedia{,} The Free Encyclopedia",
  year		   = 2015,
  url		   = "http://en.wikipedia.org/w/index.php?title=Compiler&oldid=661266598",
}

@misc{wiki:dynamic-linker,
  author	   = "Wikipedia",
  title		   = "Dynamic linker --- Wikipedia{,} The Free Encyclopedia",
  year		   = 2012,
  url		   =
                  "http://en.wikipedia.org/w/index.php?title=Dynamic_linker&oldid=517400345",
}
@misc{wiki:fat,
  author	   = "Wikipedia",
  title		   = "File Allocation Table --- Wikipedia{,} The Free Encyclopedia",
  year		   = 2015,
  url		   =
                  "http://en.wikipedia.org/w/index.php?title=File_Allocation_Table&oldid=661104239",
}

@misc{ wiki:inode,
  author	   = "Wikipedia",
  title		   = "Inode --- Wikipedia{,} The Free Encyclopedia",
  year		   = 2015,
  url		   = "http://en.wikipedia.org/w/index.php?title=Inode&oldid=647736522",
}

@misc{ wiki:linker,
  author	   = "Wikipedia",
  title		   = "Linker (computing) --- Wikipedia{,} The Free Encyclopedia",
  year		   = 2015,
  url		   =
                  "http://en.wikipedia.org/w/index.php?title=Linker_(computing)&oldid=652892136",
}

@misc{wiki:loader,
  author	   = "Wikipedia",
  title		   = "Loader (computing) --- Wikipedia{,} The Free Encyclopedia",
  year		   = 2012,
  url		   =
                  "http://en.wikipedia.org/w/index.php?title=Loader_(computing)&oldid=520743198",
}
@misc{ wiki:peterson,
  author	   = "Wikipedia",
  title		   = "Peterson's algorithm --- Wikipedia{,} The Free Encyclopedia",
  year		   = 2015,
}
