%% LaTeX2e file `linux.bib'
%% generated by the `filecontents' environment
%% from source `linux_intro-b' on 2019/07/05.
%%
@book{neil2007beginning,
  author    = {Neil Matthew and Rich Stons},
  title     = {Beginning Linux Programming},
  year     = 2007,
  edition    = 4,
  publisher    = {Wrox}
}
